2086 3640
283 133 399 214 238
595 126 1076 194 THESJS
1139 116 1708 192 DECIMA.

271 259 454 320 quam
483 236 715 298 fortafl‘e
753 240 829 301 ab
872 237 1003 320 ipsis
1026 237 1328 320 Apostolis
1347 236 1702 300 derivabant.
1763 228 1861 304 Ex
1889 235 2015 326 quia

208 332 210 334 ’
272 323 378 380 bus
420 320 690 380 omnibus
720 319 926 393 infero,
975 322 1112 395 cum
1161 317 1492 382 authoritas'
1519 320 1855 384 Christianae
1896 327 2014 386 Ec*

269 400 457 459 clefiae
484 400 547 460 δε
590 401 888 482 pastorum
926 399 1044 482 ejus
1091 399 1315 483 semper
1348 398 1577 460 uniatur
1616 403 1680 478 δε
1716 422 2011 485 nunquam

266 479 562 562 separetur
603 484 679 542 ab
716 482 935 544 interna
957 483 1036 555 vi,
1081 484 1296 544 virtute
1335 481 1397 540 δε
1425 478 1575 559 justa
1594 483 1714 544 vita
1739 481 2013 548 Christia-

261 560 478 632 nitatiS,
546 563 706 645 quod
747 565 988 626 ceffante
1026 563 1156 636 hac,
1215 564 1314 624 illa
1351 579 1581 642 quoque
1630 566 1816 627 ceffat.
1900 568 2013 628 Sed

263 645 571 705 adversarii
619 644 894 720 fatentur,
961 647 1310 727 complureS,
1376 638 1415 702 fi
1468 665 1584 704 non
1624 667 1843 719 omneS,
1907 664 2012 728 per

262 746 410 805 quos
452 727 598 786 hanc
647 728 1059 790 authoritatem
1104 728 1388 795 derivant,
1443 723 1601 786 fuiffe
1632 729 1884 790 omnino
1924 729 2011 790 in-

261 829 394 866 anes
427 807 590 886 hujus
629 809 771 870 vitae
798 811 872 890 ,δε
910 809 1139 870 virtutis
1184 805 1638 868 Christianitatis
1725 810 1868 870 Non
1899 831 2009 891 po-
2075 885 2078 888 Α

262 904 499 949 tuerunt
551 890 732 970 igitur
769 912 875 950 nec
918 890 1192 971 recipere,
1237 910 1340 948 nec
1384 890 1638 968 habere,
1685 891 1790 950 nec
1818 892 2009 971 'transa

256 970 496 1030 ‘mittere
563 973 740 1032 talem
804 973 1189 1032 Christianam
1252 969 1713 1031 Authoritatem.
1800 971 1910 1030 Sed
1965 970 2008 1031 fi

258 1053 561 1133 objiciatur,
586 1054 765 1134 quod,
813 1054 948 1114 licet
974 1053 1256 1135 plerique,
1300 1052 1395 1111 vel
1412 1071 1545 1132 pars
1567 1052 1821 1113 maxima
1844 1052 2008 1132 Epis-
2083 1047 2086 1052 ¹

232 1154 548 1214 .coporum
579 1137 641 1194 ἃ·
683 1136 1175 1216 Presbyterorum
1216 1135 1646 1204 Romanorum,
1710 1154 1743 1193 a
1773 1133 2008 1216 'ostafiae
2067 1186 2072 1191 .

257 1231 544 1296 tempore,
591 1216 804 1275 fuerint
825 1216 1009 1296 impii,
1058 1215 1444 1276 Protestantes
1467 1231 1657 1274 tamen
1687 1236 1721 1274 a
1791 1232 2005 1288 rmant,

255 1296 319 1354 &
347 1313 408 1355 tu
452 1297 568 1376 ipse
611 1297 817 1356 videris
853 1297 1042 1368 fateri,
1088 1296 1247 1356 fuiffe
1278 1296 1423 1355 inter
1461 1315 1557 1355 eos
1597 1296 1754 1354 viros
1797 1298 2001 1368 bon03,
2059 1300 2086 1374 Ῑ

254 1398 399 1456 quos
423 1378 759 1458 respiciebat
801 1379 978 1450 DeuS,
1023 1379 1086 1436 δε
1113 1378 1210 1458 qui
1258 1379 1525 1438 membra
1563 1375 1796 1437 fuerunt
1842 1396 1999 1438 verae
2075 1414 2086 1454 ,-

252 1458 557 1518 catholicae
602 1457 894 1519 ecclefiae:
939 1479 1130 1518 annon
1170 1459 1348 1538 igitur
1376 1457 1462 1517 illi
1503 1457 1815 1538 potuiffent
1856 1459 2002 1518 hanc
2076 1454 2086 1530 ‘J

248 1538 669 1599 authoritatem
692 1539 1120 1599 transmittere?
1169 1536 1463 1618 Respondeo
1486 1560 1505 1595 .·
1568 1539 1713 1598 Hoc
1733 1539 1875 1599 nihil
1905 1557 2001 1599 ur·
2079 1556 2083 1593 s

250 1637 376 1700 get,
424 1620 701 1699 quoniam
747 1621 1134 1682 Protestantes
1170 1619 1408 1681 minime
1449 1619 1820 1679 vocationem
1841 1620 2001 1681 suam
2074 1670 2081 1709 ⁴·

238 1701 458 1779 justam
491 1702 702 1762 volunt
749 1723 820 1762 eo
849 1702 1129 1782 respectu,
1174 1700 1333 1782 quafi
1371 1701 1448 1761 ab
1478 1699 1588 1760 illis
1608 1699 1858 1761 deducta
1878 1699 2001 1762 fue·
2064 1716 2081 1758 ’a

246 1783 325 1842 rit
379 1782 523 1844 linea
596 1783 789 1863 aliqua
851 1783 1065 1843 directa
1125 1784 1333 1844 talium
1381 1782 1618 1862 piorum
1669 1781 1998 1855 hominum,
2068 1783 2070 1785 ’

243 1885 423 1945 quam
472 1866 669 1925 revera
722 1865 1018 1926 ostendere
1058 1884 1354 1946 nunquam
1377 1864 1631 1944 poffunt,
1675 1883 1859 1943 neque
1885 1864 1998 1924 hoc

245 1942 427 2024 igitur
474 1947 803 2018 vendicant,
863 1947 958 2007 sed
999 1946 1401 2008 succeffionem
1454 1946 1602 2005 hanc
1629 1960 1855 2026 ponunt
1894 1966 1997 2026 ge·-

243 2027 514 2085 neraliter
561 2028 619 2084 in
677 2028 1004 2107 pastoribus
1046 2028 1300 2088 ecclefiae
1360 2027 1744 2106 apostaticae3
1810 2047 1997 2106 neque

243 2107 423 2186 igitur
462 2107 676 2167 volunt
730 2110 1100 2170 vocationem
1141 2111 1300 2168 suam
1341 2108 1450 2166 effe
1489 2108 1704 2167 bonam
1747 2107 1810 2165 &
1847 2107 1993 2166 vali-
2048 2118 2086 2144 *¹

242 2189 403 2258 dam,
455 2188 587 2267 quia
656 2188 920 2249 derivant
960 2211 1091 2248 eam
1133 2210 1236 2269 per
1285 2189 1497 2248 lineam
1535 2187 1792 2266 aliquam
1839 2186 1994 2249 viro-
2032 2199 2073 2291 '3

245 2289 376 2328 rum
421 2271 732 2340 bonorum,
779 2269 809 2326 a
858 2269 1075 2337 caeteris
1103 2271 1392 2328 Romanae
1421 2265 1671 2326 ecclefiae
1695 2266 1998 2349 Episcopis

241 2349 682 2410 observabiliter
721 2350 1145 2425 distinctorum,
1190 2348 1283 2408 sed
1312 2348 1574 2408 derivant
1594 2368 1744 2419 eam,
1796 2364 1862 2408 ut
1890 2371 1990 2409 au·-

243 2431 488 2490 thoritas
528 2430 704 2489 estin
746 2433 1015 2492 omnibus
1059 2431 1345 2492 refidensz
1398 2428 1636 2489 haerefin
1677 2429 1831 2490 enim
1878 2450 1989 2510 pu·
2040 2431 2066 2502 {g

243 2529 372 2572 tant
418 2512 734 2584 affirmare,
777 2514 1118 2593 qualitatem
1159 2512 1276 2569 five
1316 2510 1707 2570 conditionem
1747 2509 1991 2570 admini-
2033 2507 2052 2571 ἕ.

243 2594 501 2654 stratoris
550 2614 696 2674 opus
744 2594 869 2653 ullo
911 2593 1092 2653 modo
1123 2593 1439 2652 invalidum
1471 2592 1725 2651 reddere.·
2036 2585 2054 2661 s}

326 2677 552 2739 VANA
597 2678 722 2734 haec
761 2676 823 2734 &
861 2674 998 2734 falsa
1027 2674 1294 2734 succeffio
1339 2692 1457 2731 non
1501 2676 1730 2733 tantum
1776 2673 1991 2735 militat:
2022 2670 2060 2775 Ξ

240 2772 441 2827 contra
464 2756 831 2817 manifestum
871 2756 1172 2817 confilium
1203 2755 1266 2813 &
1300 2754 1621 2814 institutum
1645 2754 1875 2825 Christi,
1930 2756 1987 2816 in
2032 2764 2060 2846 3³,

239 2839 505 2898 vocando
546 2839 608 2897 δε
649 2838 1068 2919 congregando
1110 2836 1214 2897 fibi
1252 2835 1570 2908 ecclesiam,
1621 2835 1714 2896 sed
1776 2840 1868 2912 (ut
1906 2837 1987 2896 ita
2009 2836 2058 3158 θ’

239 2920 473 2999 loquar)
516 2921 701 2999 magis
744 2941 965 2979 caecum
1007 2919 1175 2978 illum
1210 2918 1270 2976 δε
1313 2917 1499 2977 minus
1539 2917 1876 2998 prudentem
1907 2917 1992 2976 ef-‘
2022 2952 2057 2995 g

241 3001 386 3071 ficit,
436 3022 613 3080 quam
654 3001 910 3060 homines
948 2999 1235 3060 naturales
1262 3000 1390 3059 sunt
1432 3000 1487 3058 in
1518 2997 1990 3069 transmittendo,
2017 2998 2049 3044 13

240 3081 301 3137 &
342 3082 683 3160 stabiliendo
725 3099 988 3142 externas
1036 3083 1158 3141 suas
1208 3081 1610 3141 haereditates:
1681 3078 1780 3138 ubi
1828 3077 2052 3138 enim

240 3160 540 3222 haereditas
589 3164 780 3243 aliqua
843 3163 1186 3244 relinquitur
1247 3162 1476 3222 cuidam
1518 3159 1739 3219 nomini
1787 3158 1848 3216 δε
1896 3158 2030 3235 fa-gssf

241 3240 440 3310 miliae,
483 3245 714 3322 quando
754 3244 970 3305 familia
1020 3244 1119 3303 illa
1156 3243 1533 3324 extinguitur,
1579 3241 1640 3298 &
1669 3259 1784 3298 non
1825 3239 1984 3298 inve*

241 3319 396 3380 nitur
418 3321 694 3384 succeffor
713 3324 935 3405 legalis,
961 3326 1058 3406 qui
1088 3323 1311 3405 justum
1332 3323 1570 3386 titulum
1591 3318 1984 3458 demonstras?
2008 3360 2010 3373 2

1439 3416 1443 3419 ’
1766 3415 1904 3481 pote
1957 3438 1984 3472 ,
