2086 3640
269 135 360 200 De
377 140 694 207 Salutation.
718 144 1053 211 Recreation.
1098 146 1254 229 idque
1266 163 1428 230 genus
1454 143 1594 206 aliis.
1719 170 1759 224 4
1764 169 1798 227 5
1804 170 1838 229 3

106 240 294 304 datur.
379 246 677 329 Scriptura
719 270 833 313 non
885 250 1180 333 redarguit
1209 250 1642 321 Abrahamum‚
1685 247 1848 330 quod

10 360 14 362 v
107 323 437 405 Hagarem,
483 330 713 393 vivente
752 333 910 405 Sara,
957 332 1363 413 vcognoverim
1427 331 1490 389 &
1539 328 1580 390 fi
1627 329 1844 391 dicere-

88 408 232 464 ‘mus
283 409 482 470 omnia
520 412 685 473 nobis
729 411 916 486 licere,
959 408 1091 493 Xquae
1135 413 1222 473 illi
1264 412 1542 483 fecerunt,
1587 411 1843 492 plurima

103 485 500 562 incommoda,
545 492 817 554 omnibus
846 495 1044 566 obvia,
1089 495 1412 555 adduceret.
1497 492 1679 577 Qod
1708 492 1843 552 atti-

102 583 202 626 net
239 569 315 628 ad
345 575 581 652 gentium
607 595 772 634 mores
799 591 900 635 aut
938 574 1339 654 confitetudines‚
1385 574 1610 634 malum
1631 572 1876 654 estpro⁹

104 648 561 713 Christianorum
581 655 885 716 hominum
915 656 1231 717 actionibus
1260 672 1691 736 argumentum,
1717 671 1841 715 'me-

100 727 309 790 liorem
330 732 603 794 debemus
640 736 795 816 sequi
819 737 1124 817 regulam3
1171 737 1343 801 &ufic
1372 752 1635 817 apparet,
1660 737 1840 815 quam

100 811 268 889 parvi
317 815 586 892 ponderis
618 815 709 889 fit,
754 819 914 897 quod
956 838 1067 899 pro
1106 817 1160 878 se
1203 819 1416 879 habent
1443 818 1550 877 hac
1575 817 1633 877 in
1661 817 1837 877 redi-

98 910 245 951 cere.
334 895 663 970 Videamu3‚
710 896 750 957 fi
779 917 1124 979 argumenta
1165 899 1380 970 nostra,
1424 898 1632 979 quibus
1660 898 1839 958 addu-

100 970 288 1033 cimur
329 975 403 1034 ad
425 976 527 1037 ista
563 978 901 1060 deponenda
946 981 1007 1040 &
1044 981 1366 1052 deserenda,
1411 1000 1529 1039 non
1556 980 1841 1040 sufficiant

97 1053 174 1111 ad
217 1075 320 1115 nos
368 1057 495 1116 satis
537 1061 990 1140 propugnandos
1033 1063 1095 1120 δε
1154 1060 1495 1121 fulciendos·
1578 1059 1838 1119 Dicimus

98 1132 278 1212 igitur
322 1138 537 1217 primo,
583 1141 765 1219 quod,
812 1161 947 1201 cum
991 1142 1147 1203 Deus
1186 1142 1256 1203 fit
1293 1140 1539 1200 hominis
1568 1141 1836 1213 Creator,

97 1215 162 1273 &
210 1218 300 1276 cui
349 1221 486 1278 cum
529 1222 704 1280 animi
742 1225 872 1283 tum
903 1223 1163 1304 corporis
1204 1222 1488 1282 dedicatio
1538 1219 1836 1292 debeatur,

97 1295 247 1356 solus
275 1299 375 1358 ille
411 1300 730 1362 adorandus
760 1303 862 1375 est,
907 1303 1078 1386 idque
1106 1324 1221 1363 non
1258 1304 1444 1364 solum
1475 1303 1700 1381 Spiritu,
1746 1302 1843 1363 sed

96 1377 272 1438 etiam
313 1385 541 1459 corporis
569 1386 938 1461 prostratione.
1026 1386 1357 1447 Geniculatio
1394 1399 1613 1455 autem,
1661 1388 1840 1444 incur·

95 1463 246 1519 vatio
287 1467 513 1540 corporis
546 1467 616 1526 &
647 1470 847 1545 apertio
883 1471 1070 1546 capitis
1105 1467 1232 1527 sunt
1266 1468 1387 1526 sola
1414 1482 1651 1526 externa
1680 1464 1840 1545 signa

95 1540 420 1603 adorationis
456 1549 804 1628 nostraeerga
831 1548 1048 1620 Deum,
1095 1548 1335 1628 ideoque
1363 1567 1476 1607 non
1507 1546 1642 1605 licet
1669 1546 1735 1604 iis
1765 1546 1841 1609 ad

96 1620 356 1684 homines
405 1626 508 1685 uti.
593 1629 714 1709 Qi
743 1628 816 1688 ad
837 1629 1090 1690 homines
1113 1630 1474 1710 geniculatur
1496 1628 1558 1685 δε
1586 1627 1838 1707 proster-

97 1702 184 1763 nit
211 1706 284 1776 se,
330 1706 471 1786 quid
510 1709 764 1789 amplius
803 1709 932 1770 Deo
961 1710 1124 1792 agit?
1192 1710 1315 1792 Qi
1355 1709 1619 1768 incurvat
1657 1708 1731 1780 se,
1776 1710 1842 1771 δε

95 1785 284 1864 aperit
331 1804 509 1869 caput
539 1790 613 1849 ad
651 1807 991 1864 creaturam,
1037 1791 1176 1872 quid
1205 1789 1456 1872 amplius
1479 1790 1721 1852 creatori
1752 1810 1840 1850 re-

94 1864 386 1927 servavit?
458 1870 727 1932 Ostendit
753 1888 948 1933 autem
978 1871 1145 1934 nobis
1182 1871 1524 1953 Apostolus,
1589 1871 1752 1952 quod
1777 1892 1842 1933 a-

85 1952 269 2024 pert'io
317 1954 503 2030 capitis
544 1951 688 2012 illud
737 1952 825 2024 fit,
877 1956 1038 2037 quod
1087 1954 1116 2012 Ξι
1159 1954 1326 2014 nobis
1377 1952 1634 2033 postulat
1683 1952 1842 2012 Deus

93 2029 154 2087 in
201 2030 360 2090 cultu
396 2034 596 2093 nostro
631 2055 772 2115 erga
798 2034 1009 2114 ipsum,
1084 2058 1107 2096 1
1160 2037 1297 2094 Cor.
1328 2034 1406 2094 xi.
1487 2033 1599 2093 Sed
1653 2033 1694 2092 st
1737 2054 1842 2095 nos

94 2110 426 2173 hominibus
472 2114 676 2176 eodem
719 2116 902 2176 modo
942 2117 1328 2197 applicamu8‚
1393 2115 1494 2175 ubi
1551 2114 1633 2175 est
1673 2115 1839 2175 diffe-

94 2191 326 2253 rentia?
393 2213 509 2255 non
550 2195 607 2256 in
647 2198 880 2258 externa
930 2197 1368 2279 significatione,
1434 2195 1527 2255 sed
1566 2196 1731 2255 unice
1780 2197 1838 2256 in

96 2271 428 2346 intentione,
472 2277 584 2358 qua
615 2278 942 2340 Pontificiae
975 2280 1298 2359 imaginum
1319 2277 1673 2337 venerationi
1701 2297 1840 2358 por-

96 2369 158 2414 ta
196 2354 475 2434 aperitur,
520 2378 676 2437 quae,
722 2360 822 2419 has
850 2358 1121 2419 omnibus
1144 2358 1471 2419 hominibus
1513 2357 1840 2419 inflexiones

94 2434 386 2514 negando,
431 2438 738 2499 necefl‘ario
774 2440 1118 2500 occluditur.
1202 2439 1483 2510 Secundo,
1530 2441 1667 2498 cum
1709 2459 1842 2499 om-

96 2536 195 2577 nes
245 2516 504 2578 homines
547 2523 809 2581 creatione
852 2521 1079 2602 aequales
1129 2520 1257 2592 fint,
1318 2521 1452 2580 iicet
1492 2520 1549 2580 in
1606 2519 1841 2580 diverfis

98 2596 439 2659 stationibus
476 2598 787 2662 secundum
815 2603 1001 2662 varias
1042 2603 1162 2663 suas
1186 2601 1491 2663 relationes
1514 2599 1709 2682 pofiti,
1751 2617 1842 2662 ta-

99 2698 233 2738 men
262 2678 660 2743 adorationem
683 2682 758 2743 ad
785 2682 1031 2743 invicem
1051 2703 1168 2743 non
1193 2682 1429 2754 debent,
1462 2682 1608 2743 hanc
1639 2701 1840 2743 omnes

100 2759 266 2820 fimul
310 2761 442 2821 Deo
471 2762 708 2823 reddere
751 2780 1009 2846 oportet,
1055 2766 1188 2846 quia
1231 2763 1318 2825 illi
1354 2765 1423 2826 &
1452 2764 1564 2840 soli
1594 2764 1700 2846 ejus
1746 2785 1842 2825 no-

99 2844 235 2901 mini
268 2863 415 2902 omne
442 2864 578 2923 genu
610 2846 761 2926 fleffz'i
803 2846 967 2917 debet,
1012 2845 1074 2904 δε
1118 2860 1243 2906 ante
1278 2848 1420 2928 cujus
1457 2847 1705 2912 thronum
1747 2850 1837 2906 vi·

94 2925 233 3003 ginti
279 2937 509 3004 quatuor
555 2926 784 3006 st’niores
819 2927 880 3007 st'
932 2929 1287 3006 prosternunt.
1373 2929 1530 2988 Cum
1581 2926 1840 2987 homines

96 3007 211 3064 hoc
253 3004 359 3066 fibi
401 3007 478 3067 ab
527 3004 773 3069 invicem
811 3008 1097 3090 accipiant
1143 3025 1245 3070 aut
1283 3007 1578 3100 usurpent,
1644 3006 1840 3067 Deum

97 3085 290 3165 gloria
333 3085 429 3146 sua
470 3085 735 3167 spoliant,
779 3088 916 3170 quia
966 3088 1223 3151 homines
1271 3110 1470 3151 omma
1528 3087 1841 3169 respectiva.

87 3167 293 3227 officia
334 3167 408 3227 ad
450 3167 692 3229 invicem
742 3169 1016 3251 praestare
1044 3171 1276 3250 poffunt
1317 3170 1431 3230 fine
1461 3168 1627 3251 hujus
1668 3188 1841 3249 gene-

99 3246 176 3307 ris
221 3247 640 3323 inflexionibus,
685 3250 748 3310 &
777 3251 906 3311 ideo
945 3253 1111 3312 nulla
1152 3250 1329 3311 officii
1359 3250 1535 3311 nostri
1576 3269 1715 3330 erga
1735 3250 1840 3309 ho-

100 3328 280 3394 mines
314 3331 614 3396 effentialis
653 3351 789 3418 pars
835 3332 1002 3475 func?
1059 3332 1153 3392 sed
1178 3333 1429 3396 internus
1463 3329 1843 3471 instinctusbin

1019 3433 1063 3495 g
1109 3435 1139 3494 3
1573 3423 1735 3483 omm
1774 3428 1838 3470 us
