2086 3640
224 124 314 184 De
342 121 612 182 Commun.
643 118 716 181 ἔθ’
745 119 957 180 Partic.
998 131 1135 196 corp.
1175 115 1247 178 ἐξ
1282 117 1436 197 sang.
1467 113 1685 193 Christi.
1750 123 1886 192 405

145 225 583 292 conventionem
637 228 733 288 vel
782 226 1076 288 ecclefiam
1107 247 1137 285 :1
1178 226 1306 286 'hoc
1361 239 1542 306 patet,
1607 244 1728 283 ver.
1774 244 1871 284 22.

147 312 388 393 nunquid
421 313 591 372 domos
630 332 729 371 non
768 310 970 371 habetis
1006 308 1081 370 ad
1119 306 1541 368 manducandum
1582 303 1651 367 (θ’
1697 305 1872 365 biben-

143 395 288 466 dum,
336 408 430 454 aut
479 392 737 470 ecclestam
772 391 883 450 Dei
916 393 1256 462 contemnitis,
1321 389 1392 451 &²
1431 387 1751 467 pudefacitis
1794 407 1876 445 eos

143 479 235 556 qui
275 498 375 537 non
415 476 610 534 habent
636 474 667 531 ,Ρ
711 471 841 532 Ubi
882 471 1226 539 condemnat
1261 491 1358 530 eos
1397 482 1622 549 propter
1669 471 1876 548 irregu-

139 558 312 617 larem
347 578 523 616 eorum
538 556 691 637 hujus
710 554 1425 632 ceremoniaepraestationem‚
1471 550 1606 631 quia
1633 548 1877 611 ordinate

138 661 241 699 non
288 638 530 709 edebant,
573 635 671 696 vel
702 633 851 694 edere
897 655 1000 694 non
1048 633 1365 711 defluebant,
1430 635 1584 713 usque
1630 632 1753 693 dum
1802 630 1879 690 ad

131 718 405 798 publicam
446 719 828 779 conventionem
854 713 1028 791 stmul
1069 715 1433 796 convenzffi’nt,
1462 717 1644 795 stcque
1669 735 1748 774 eos
1765 729 1877 790 pue·

139 801 469 879 defacientes,
517 803 625 880 qui,
669 818 770 858 non
811 798 1056 858 habentes
1096 797 1288 866 domos,
1344 817 1505 876 neque
1552 793 1875 856 abundanti-

138 904 247 951 am,
296 882 371 941 ad
410 900 724 941 communem
759 880 984 957 mensam
1020 877 1346 949 accedebant,
1413 897 1557 956 quos
1599 879 1876 955 esurientes

134 962 419 1043 pudebat,
452 965 589 1021 esim
608 959 870 1021 viderent
911 960 1042 1021 alios
1075 962 1289 1040 saturos
1331 959 1400 1021 ὃ
1439 959 1625 1030 ebrios,
1673 957 1742 1031 eo
1772 955 1875 1016 ad-

122 1045 348 1104 venire.
436 1043 559 1125 Qi
598 1041 809 1120 absque
857 1039 1199 1122 praejudicio
1228 1042 1379 1100 hunc
1416 1040 1611 1101 locum
1654 1040 1874 1119 legent,

132 1126 415 1185 videbunt
453 1123 614 1183 fuiffe
653 1122 804 1182 hunc
847 1123 1061 1182 statum
1103 1120 1591 1188 Corinthiorum;
1637 1120 1680 1178 fi
1720 1120 1875 1178 enim

134 1205 234 1266 illa
276 1207 360 1266 ufi
396 1205 622 1264 fuissent
659 1218 797 1263 tunc
839 1202 1118 1284 temporis
1159 1202 1482 1272 Christiani,
1531 1201 1675 1261 ficut
1703 1200 1876 1260 hodie

133 1288 228 1347 vel
268 1285 583 1357 Pontificii,
625 1285 719 1345 vel
747 1284 1093 1356 Lutherani,
1135 1283 1234 1345 vel
1258 1283 1600 1355 Calviniani,
1644 1282 1746 1343 vix
1766 1283 1875 1342 bo-

134 1389 278 1428 num
334 1367 552 1426 sensum
592 1365 869 1447 Apostoli
915 1370 1235 1429 verborum
1277 1364 1465 1425 facere
1503 1365 1628 1445 quis
1676 1365 1872 1447 poffit,

130 1450 226 1509 vel
275 1468 472 1509 revera
520 1447 843 1529 concipere,
908 1447 1033 1529 quis
1079 1446 1254 1508 fuerit
1288 1446 1390 1507 ille
1429 1447 1654 1517 abusUS,
1700 1466 1877 1526 quem

132 1531 191 1590 in
239 1531 346 1591 hac
408 1550 469 1588 re
525 1529 976 1591 committebant
1040 1528 1343 1589 Corinthii.
1426 1527 1609 1607 Supra
1662 1528 1878 1588 notatis

134 1611 247 1671 hoc
295 1610 478 1670 modo
518 1612 594 1671 ab
654 1610 949 1690 Apostolo
989 1610 1174 1680 dietis,
1246 1609 1378 1689 quia
1435 1610 1519 1670 hic
1570 1631 1675 1671 mos
1706 1608 1879 1689 fimul

137 1691 521 1754 comedendi&
563 1691 768 1752 bibendi
802 1705 1052 1753 traxerat
1076 1693 1326 1772 originem
1350 1692 1509 1770 fitam
1531 1694 1599 1752 ab
1627 1699 1754 1753 aaa
1782 1691 1891 1751 illo.

134 1774 339 1853 Christi
382 1795 499 1835 cum
536 1772 797 1853 discipulis
845 1775 912 1834 ed
951 1780 1114 1844 notte,
1180 1773 1288 1853 qud
1331 1773 1564 1833 traditus
1604 1775 1696 1851 est,
1743 1769 1876 1833 ideo

130 1855 326 1939 pergit
343 1853 665 1936 Apostolus
702 1853 994 1914 declarare
1023 1855 1087 1913 iis
1123 1854 1544 1914 enarrationem
1568 1856 1648 1916 rei
1675 1854 1872 1935 gestae.

137 1939 254 2019 Ego
289 1939 425 1996 enim
453 1939 626 2015 accepi
666 1937 703 1995 a
731 1936 978 2006 Domino,
1023 1935 1162 2016 quod
1195 1934 1264 1996 &
1295 1935 1501 1996 tradidi
1525 1939 1693 2008 vobis,
1740 1937 1884 2018 quod

134 2020 396 2081 Dominus
420 2019 598 2097 Jcfits,
643 2019 700 2077 in
735 2038 841 2099 qua
876 2024 1023 2078 notte
1047 2016 1384 2087 tradebatur,
1433 2022 1627 2097 accepit
1648 2036 1870 2097 panem,

135 2102 251 2160 &o
336 2101 460 2182 Qi
515 2097 902 2159 differentiam
955 2098 1287 2178 intelligunt
1327 2099 1475 2157 inter
1517 2101 1595 2159 rei
1640 2098 1877 2178 alicujus

134 2184 527 2247 enarrationem
571 2184 632 2243 δε
663 2193 1010 2259 praeceptum,
1075 2199 1191 2239 non
1233 2181 1484 2260 poss‘unt,
1530 2183 1670 2262 quin
1716 2182 1876 2242 vide-

133 2279 255 2334 ant,
303 2262 346 2319 fi
372 2262 576 2333 velint,
649 2262 858 2324 nullum
900 2263 1011 2322 hoc
1066 2261 1200 2324 loco
1241 2275 1568 2340 praeceptum
1607 2265 1734 2335 effe,
1779 2263 1878 2324 sed
1968 2326 1971 2328 ,

134 2341 546 2404 tantummodo
593 2347 674 2403 rei
727 2344 880 2424 gestoe
920 2344 1355 2410 enarrationem,
1400 2363 1516 2404 non
1557 2345 1658 2417 ait,
1706 2349 1879 2424 recepi

133 2428 171 2485 ἁ
207 2426 459 2492 Domin0‚
503 2424 645 2502 qubd
665 2425 808 2502 ficut
853 2427 1048 2503 accepit
1085 2423 1175 2482 ille
1183 2441 1400 2502 panem,
1430 2429 1513 2504 stc
1551 2432 1708 2487 etiam
1726 2443 1876 2505 pra·-

135 2510 358 2586 ceperim
404 2503 575 2576 vobis‚
638 2518 699 2565 ut
744 2509 825 2566 ita
865 2508 1026 2566 etiam
1056 2507 1303 2585 faciatis,
1346 2507 1486 2568 nihil
1519 2508 1631 2567 tale
1682 2508 1738 2566 in
1768 2509 1876 2568 illo

137 2589 273 2649 loco
322 2584 647 2664 reperitur·,
708 2585 829 2646 imo
872 2587 903 2646 ἐ
932 2585 1157 2657 contra,
1223 2590 1360 2646 etim
1400 2604 1621 2668 repetat
1662 2589 1876 2649 Christi

136 2671 309 2729 verba
336 2669 684 2746 imperativa,
730 2667 810 2727 ita
858 2688 925 2727 ea
961 2667 1146 2747 ponit,
1201 2683 1267 2728 ut
1308 2668 1513 2729 nullum
1547 2683 1878 2749 praceptum

138 2750 399 2820 innuant,
441 2767 562 2807 ver.
616 2767 649 2807 2
657 2767 712 2826 5.
757 2750 851 2808 hoc
869 2750 1063 2828 facite,
1130 2751 1515 2830 quotiescunqne
1550 2752 1750 2822 bibetis,
1818 2756 1876 2813 in

136 2847 307 2891 meam
337 2834 883 2901 commemorationem,
949 2850 1067 2888 non
1118 2831 1324 2908 repetit
1379 2851 1464 2901 ea,
1511 2831 1667 2911 quafi
1716 2835 1878 2913 impe-

136 2916 348 2983 rativa,
395 2912 490 2971 sed
537 2910 911 2972 solummodo
958 2909 1430 2978 conditionaliter3
1495 2915 1879 2996 quotic’stunque

136 2995 339 3064 bibetis,
386 2992 466 3054 est
493 2993 685 3053 soltim
705 2990 1087 3062 conditionalis,
1132 3013 1232 3052 non
1255 2996 1607 3072 imperativus
1636 2996 1878 3076 loquendi

142 3075 361 3143 modus;
406 3074 652 3154 ideoque
679 3073 880 3133 eadem
920 3072 1247 3134 conditione
1278 3073 1438 3135 addit
1454 3076 1616 3136 versu
1644 3069 1889 3157 sequen-¹

137 3173 216 3228 te,
263 3159 651 3237 quotiescunque
661 3157 798 3216 enim
819 3155 1207 3216 manducabitis
1225 3173 1422 3235 panem
1445 3157 1605 3228 bunc,
1651 3157 1721 3219 &³
1746 3160 1877 3218 cali-

141 3258 248 3299 cem
276 3240 475 3308 bibetis,
519 3251 736 3298 mortem
771 3239 996 3298 Domini
1032 3240 1442 3309 annunciabitis,
1497 3238 1650 3299 donec
1676 3243 1878 3305 veniat.

147 3318 255 3381 Sed
277 3320 387 3382 hoc
428 3321 868 3402 [quotiescunque]
918 3319 1264 3462 nssndmagis
1312 3319 1497 3380 innuit
1531 3334 1879 3401 paeceptum,

1104 3421 1137 3481 3
1707 3422 1894 3482 quam⁴
