2086 3640
315 89 431 165 155
555 87 925 145 THESIS
967 84 1387 166 QUINTA
1418 87 1489 148 te
1529 87 1882 148 SEXTAf

305 191 447 250 nihil
498 188 669 259 aliud,
735 209 836 248 nec
871 187 1057 248 minus
1104 186 1261 268 quid,
1323 186 1498 267 quim
1541 186 1725 268 ipsum
1755 191 2027 271 Evange-

311 272 454 332 lium
511 268 621 328 Dei
677 269 787 329 illis
810 268 1210 349 praedicatum,
1256 269 1298 326 fi
1329 268 1559 348 quidem
1592 270 1868 342 Christus,
1914 263 2022 334 Dei

309 349 577 429 sapientia
617 349 678 408 &
727 351 929 420 virtuS‚
977 348 1035 407 in
1060 368 1140 408 eo
1174 350 1236 408 δε
1277 366 1381 429 per
1423 349 1576 409 illud·
1596 352 1782 411 semen
1825 352 1888 412 ὅτ
1930 354 2021 413 lu—

306 451 441 490 men
486 429 700 490 animas
739 450 944 490 eorum
997 429 1215 489 servare
1258 429 1474 490 nititur.
1559 431 1650 491 De
1677 433 1788 491 hoc
1807 432 2023 494 lumine

307 511 566 589 loquitur
588 511 837 590 August.
871 509 1112 571 Confeff.
1142 510 1245 571 lib.
1281 532 1303 571 1
1323 532 1371 570 1.
1404 531 1527 592 cap.
1561 511 1635 570 ix.
1668 512 1734 572 In
1754 514 1847 572 hoc
1863 517 2022 590 prin-

302 595 460 669 cipie,
504 593 672 662 Deus,
704 594 880 672 fecisti
913 591 1090 652 coelum
1125 592 1195 652 ἔθ’
1235 604 1439 652 terram
1459 614 1478 649 .·
1521 595 1575 652 in
1615 595 1777 654 verbo
1814 607 1920 665 tue,
1965 597 2022 654 in

289 673 416 749 filio
463 685 571 744 tuo,
615 677 671 733 in
717 676 918 735 virtute
957 674 1074 743 tud,
1142 675 1196 732 in
1221 673 1490 749 sapientia‘
1524 673 1642 745 tud,
1695 677 1827 735 miro
1876 675 2022 735 modo

302 754 492 824 dicens,
560 755 628 816 ἐς)
670 757 800 814 miro
847 754 989 815 modo
1021 755 1247 832 faciens,
1309 757 1422 833 quis
1461 755 1863 832 comprehendet,
1908 759 2023 837 quis

303 837 605 907 enarrabit,
666 836 794 917 quid
834 839 914 914 fit
946 834 1088 896 illud
1130 834 1265 916 quod
1300 833 1571 895 interlucet
1603 837 1753 908 mihi,
1801 838 1871 898 Β
1893 856 2023 915 per-

304 916 437 976 culit
456 938 544 975 cor
579 939 743 978 meum
771 919 891 994 fine
910 917 1134 993 laestone,
1179 916 1248 976 δέ
1269 916 1575 993 inhorrefio,
1621 917 1690 979 &³
1719 918 1979 998 inardesto
1999 940 2019 975 :

302 999 595 1076 inhorresco
651 1002 706 1058 in
750 1012 1000 1079 quantum
1057 996 1309 1072 difflmilis
1339 1000 1402 1056 'ei
1449 997 1590 1077 sum,
1654 998 1912 1076 inardesco
1967 1001 2023 1058 in

309 1093 566 1158 quantum
589 1080 791 1157 fimilis
833 1083 882 1139 ei
923 1081 1061 1158 sum.
1096 1100 1106 1126 ετ
1133 1080 1446 1156 Sapientia,
1467 1080 1742 1155 Sapientia
1780 1081 1852 1155 est
1904 1100 2022 1160 quoe

305 1160 580 1221 interlucet
653 1163 803 1230 mihi,
869 1160 1147 1239 discindens
1202 1158 1440 1221 nubilum
1492 1180 1686 1230 meum„
1764 1160 1901 1240 quod
1942 1182 2023 1221 me

304 1243 486 1318 rursus
522 1245 743 1320 cooperit
783 1242 1094 1318 deficientem
1136 1242 1203 1301 ab
1235 1242 1322 1311 ed,
1374 1239 1596 1320 caligine
1641 1253 1796 1320 atque
1834 1262 2023 1323 aggere

293 1337 583 1400 paenarum
604 1344 853 1382 mearum.
937 1323 1066 1384 Ibid
1086 1322 1188 1383 lib.
1228 1342 1318 1384 ιο.
1350 1341 1474 1400 cap.
1496 1320 1671 1383 xxvii.
1716 1323 1843 1382 Sero
1873 1335 2022 1382 ama-

302 1405 369 1460 vi
396 1415 464 1472 te,
500 1403 840 1483 pulchritudo
883 1417 997 1466 tam
1043 1407 1263 1484 antiqua
1306 1403 1375 1464 ἐξ
1417 1416 1534 1477 1ταιηι
1586 1423 1749 1473 nova,
1805 1404 1928 1482 sero
1975 1415 2028 1464 te

304 1486 514 1553 amavi,
577 1483 645 1546 ἐς)
685 1507 797 1543 ecce·
832 1487 973 1543 intus
1016 1505 1137 1544 eras
1172 1484 1241 1547 ξς)
1280 1505 1364 1564 ego
1396 1483 1560 1561 foris,
1606 1484 1679 1545 Β
1705 1485 1777 1549 ibi
1805 1496 1854 1554 te
1874 1505 2020 1564 quae·

303 1566 501 1625 rebam,
544 1566 746 1640 vocdsti
780 1566 848 1625 Εἰ
875 1564 1138 1638 clamc‘isti,
1184 1564 1253 1637 ξεῖ
1283 1565 1470 1641 rupisti
1490 1563 2023 1640 ficrditatemmeam,

300 1645 630 1722 oorruscdsti,
659 1645 971 1724 splenduisti
1015 1645 1086 1706 ὅ
1122 1644 1331 1725 fugdsti
1369 1646 1655 1704 coecitatcm
1689 1665 1874 1709 meam.
1933 1644 2027 1705 De

303 1724 417 1783 hoc
458 1726 630 1785 etiam
680 1726 1067 1806 compatriota
1108 1726 1297 1784 noster
1335 1723 1623 1804 Georgius
1645 1724 2022 1791 Buchananus

303 1805 360 1864 in
382 1806 594 1866 schedis
623 1807 693 1865 de
723 1806 853 1885 jure
891 1806 1052 1886 regni
1086 1805 1240 1886 apud
1265 1806 1470 1864 Scotos
1497 1804 1721 1885 optim&
1750 1809 1863 1866 ait:
1909 1799 2024 1885 Ego

294 1889 534 1965 prosette
575 1888 713 1946 nihil
753 1888 905 1946 aliud
954 1891 1008 1947 in
1038 1887 1328 1965 proessntid
1378 1885 1604 1967 intelligi
1656 1884 1795 1958 volo,
1861 1888 2022 1966 qudm

301 1966 466 2027 lucem
503 1970 693 2027 animis
726 1971 911 2042 nostris
956 1968 1215 2027 divinitus
1259 1967 1523 2044 infusam:
1563 1988 1690 2027 nam
1732 1969 1850 2027 ciem
1874 1967 2027 2027 Deus

284 2049 559 2126 formavit
597 2050 868 2121 hominem,
915 2069 1015 2108 non
1051 2049 1197 2108 modo
1232 2051 1436 2122 corpori
1468 2050 1579 2127 >ejus
1623 2047 1793 2121 ocuhs
1859 2046 2019 2118 dedit,

303 2131 491 2208 quibus
545 2129 775 2199 ducibus,
838 2130 1066 2205 adversa
1096 2151 1212 2208 quoe
1251 2127 1405 2205 effint
1423 2131 1536 2205 ficoe
1551 2127 1827 2203 conditioni
1863 2129 2023 2208 fuge-

302 2224 407 2280 ret,
461 2232 573 2290 quoe
606 2210 864 2270 commoda
895 2212 1202 2289 ſs’queretur
1227 2231 1245 2266 .·
1304 2207 1405 2266 Sed
1444 2209 1617 2267 animo
1646 2211 1828 2268 etiam
1873 2209 2025 2270 velut

303 2290 480 2352 lumen
513 2292 789 2372 quoddam..
797 2291 1064 2368 praetulit,
1137 2311 1232 2370 quo
1266 2291 1450 2366 turpia
1488 2290 1557 2348 ab
1598 2289 1815 2366 honestis
1849 2289 2021 2368 secer-

300 2386 447 2432 neret
466 2395 485 2429 .·
547 2375 684 2431 hanc
718 2375 834 2432 vim
876 2371 974 2431 alii
1019 2384 1311 2439 naturam,
1341 2368 1440 2429 alii
1492 2383 1703 2430 natura·
1745 2369 1903 2450 legem
1922 2388 2018 2431 vo-

302 2467 447 2523 cant,
493 2460 578 2533 ego
603 2455 841 2532 prosette
887 2453 1129 2519 divinam
1157 2453 1406 2528 existim0‚
1442 2451 1707 2531 planique
1731 2451 1876 2510 illud
1889 2468 2018 2529 per-

285 2536 501 2613 suasum
550 2536 732 2605 habeo,
767 2534 915 2614 quod
963 2554 1229 2613 nunquam
1276 2532 1426 2592 aliud
1452 2545 1673 2601 natura,
1739 2531 1895 2592 aliud
1922 2533 2021 2610 sa-

295 2618 503 2692 pientia
550 2616 706 2676 dicat.
796 2617 927 2694 Ejus
950 2631 1108 2691 porro
1137 2614 1257 2694 legis
1286 2613 1435 2673 velut
1474 2612 1843 2690 compendium,
1887 2611 2024 2692 quod

300 2709 465 2756 totam
495 2701 682 2773 paucis
717 2696 1165 2774 complecteretur,
1202 2695 1349 2762 Deus
1367 2738 1373 2741 -
1389 2695 1531 2754 nobis
1566 2693 1810 2764 tradidit,
1855 2706 1918 2752 ut
1938 2697 2016 2771 ip-

288 2777 410 2855 sum
443 2778 641 2855 stilicet
703 2799 766 2836 ex
804 2781 978 2837 animo
1015 2777 1364 2857 diligeremus,
1437 2797 1500 2850 ac
1548 2778 1814 2853 proximos
1866 2774 2018 2838 velut

305 2879 395 2917 nos
434 2862 576 2936 ipsos.
663 2859 838 2938 Hujus
886 2858 1009 2938 legis
1023 2880 1191 2917 omnes
1207 2856 1839 2936 sacrorumvoluminum
1865 2855 2022 2924 libri,-

299 2942 392 3018 qui
438 2941 514 2999 ad
576 2961 738 2999 mores
769 2939 1081 3017 formandos
1124 2941 1414 3016 pertinent,
1472 2937 1610 2998 nihil
1659 2937 1810 2998 aliud
1819 3002 1825 3006 ,
1849 2997 1861 3005 ⁴
1887 2935 2015 2993 adm

293 3020 692 3096 explicationem
733 3022 1010 3086 continent.
1093 3018 1430 3090 Hocillud
1458 3018 1852 3087 Catholicum,
1905 3013 2011 3071 -E-

302 3101 668 3178 vangelicum
727 3099 1072 3179 principium
1131 3100 1231 3170 est,
1298 3100 1355 3158 in
1421 3118 1538 3178 quo
1580 3098 1642 3156 ὅτ.
1705 3111 1815 3174 per
1855 3093 2014 3170 quod

304 3179 516 3240 Christi
540 3181 683 3239 salus
703 3181 1003 3242 exhibetur
1032 3181 1320 3250 omnibuS,
1364 3180 1425 3236 &
1461 3175 1746 3255 Judaeo&
1773 3172 2008 3253 Graece,

293 3256 366 3317 ἃ
404 3260 642 3330 Τυῑςεε,
694 3270 752 3326 &t
793 3257 1152 3341 Scythae‚'&
1183 3261 1466 3330 Barbare,
1511 3253 1883 3342 cujuscunque:
1910 3274 2011 3342 1¹²}-

279 3390 283 3393 ,
1837 3350 2008 3394 tionis
