2086 3640
213 65 339 140 384
457 49 841 120 cmm
907 40 1358 115 DECIMA
1391 44 1810 120 mmm.

214 167 291 227 ad
328 162 718 226 ceremoniam
761 155 1059 238 frangendi
1096 159 1277 237 paniS,
1342 157 1403 217 &
1425 157 1660 221 bibendi
1693 164 1811 226 vini
1832 164 1943 225 sta⁴

215 246 353 308 tutis
399 243 779 325 temporibus,
845 239 941 299 sed
1001 234 1228 300 realiter
1282 239 1345 299 ὅτ
1403 241 1539 300 ver&
1602 243 1937 323 poffidetur,

214 326 670 408 quandocunque
725 320 916 381 anima
943 318 1339 382 introvertitur
1368 323 1441 381 ad
1461 322 1658 383 lumen
1678 322 1941 397 Domini,

214 410 278 470 &
323 407 489 468 sentit
529 404 591 464 δε
655 402 966 484 participat
1010 402 1084 462 de
1131 403 1355 463 coelesti
1402 402 1539 474 vitai,
1613 403 1724 484 quii
1763 407 1944 467 homo

213 488 453 551 interior
477 485 752 555 nutritur,
797 484 954 565 quod
978 484 1125 564 saepe
1147 479 1530 565 cognoscitur,
1573 485 1635 544 δε
1674 484 1947 547 fruuntur

219 569 417 631 fideles
460 566 622 627 omni
677 582 965 645 tempore,
1032 565 1167 625 licet
1204 566 1387 646 magis
1436 565 1772 646 specialiter·
1809 570 1950 628 cum

220 650 388 711 simul
437 662 864 728 congregentur
902 646 975 708 ad
1011 646 1208 706 Deum
1255 647 1683 709 attendendum.

300 731 408 790 IV.
453 733 540 790 SE
563 751 601 790 n
660 728 717 788 in
771 745 935 807 quot,
982 728 1327 809 quantasque
1385 729 1757 803 confusioneS,
1809 745 1949 810 pro·

221 812 447 874 feffores
506 809 946 870 Christianitatis
984 809 1300 869 'inciderint
1368 810 1517 870 circa
1594 811 1743 872 hanc
1797 826 1946 880 rem,

221 893 450 954 abunde
491 889 851 952 manifestum
873 891 976 964 est,
1021 890 1184 962 dum,
1230 891 1399 966 (ficut
1419 891 1474 950 in
1497 892 1778 973 plerisque
1805 891 1956 970 aliis)

221 973 525 1055 spiritualis
573 970 968 1052 intelligentiae
1024 972 1266 1043 defectu,
1314 972 1635 1034 laborarint
1661 973 1808 1035 hanc
1835 990 1957 1031 coe-

224 1077 360 1117 narn
410 1053 647 1115 Domini
688 1053 987 1113 annestere
1029 1053 1116 1112 illi
1156 1054 1522 1126 ceremoniae,
1565 1055 1680 1134 qui
1719 1054 1846 1113 usus
1873 1054 1955 1113 est

227 1135 487 1196 Christus
527 1151 658 1195 ante
698 1150 972 1205 mortem,
1016 1134 1279 1216 fragendi
1336 1156 1568 1214 panem,
1612 1136 1677 1194 ὅτε
1722 1134 1956 1196 bibendi

225 1217 430 1276 vinum
467 1236 600 1276 cum
637 1214 961 1294 discipulis:
1033 1217 1095 1275 δε
1135 1215 1269 1276 licet
1331 1217 1388 1276 in
1438 1217 1549 1276 hoc
1601 1216 1854 1296 generali
1888 1232 1957 1276 ut
2050 1263 2051 1266 η

228 1297 551 1378 plurimum
589 1297 962 1365 concordent,
1008 1297 1306 1377 quomodo
1355 1313 1548 1357 tamen
1597 1298 1673 1356 ad
1712 1298 1959 1358 invicem

232 1377 608 1448 contendunt,
653 1376 716 1435 δε
748 1378 1117 1449 altercantur,
1165 1378 1226 1436 &
1272 1378 1448 1458 quim
1497 1378 1643 1438 mire
1683 1377 1960 1439 constrin-

230 1475 471 1539 guntur,
536 1458 598 1516 ὅτ
638 1458 713 1516 ad
752 1474 991 1536 quantas
1043 1457 1329 1538 angustias
1378 1459 1747 1530 reducuntur,
1818 1459 1962 1518 dum

231 1539 524 1619 spirituale
572 1541 684 1597 hoc
730 1538 1066 1618 mysterium
1104 1539 1188 1598 illi
1241 1538 1582 1599 ceremoniae
1627 1539 1839 1599 affuere
1878 1539 1963 1599 ni·
2051 1603 2055 1606 ,

234 1636 456 1690 tuntur,
501 1620 562 1678 &
611 1619 789 1699 quiim
833 1620 1190 1699 portentosas
1216 1621 1277 1679 ὅτ
1319 1618 1628 1679 horrendas
1670 1619 1967 1700 opiniones
2033 1615 2071 1707 ᾗ*

237 1702 296 1761 ἃ
341 1699 640 1760 sententias
683 1701 1116 1771 confinxerunt,
1160 1717 1227 1760 ut
1257 1700 1615 1762 includerent
1634 1701 1730 1761 vel
1772 1702 1974 1781 affige-
2020 1703 2068 1779 ‚gff“

237 1799 366 1842 rent
413 1802 624 1861 corpus
668 1781 879 1841 Cnristi
929 1783 1059 1842 huic
1110 1782 1244 1862 pani
1283 1783 1347 1841 &
1387 1782 1563 1842 vino:
1607 1802 1718 1863 pro
1757 1782 1976 1863 quibus-
2030 1779 2053 1842 ’ὲ

238 1864 520 1925 sententiis
561 1883 676 1922 non
707 1863 893 1922 solum
946 1865 1235 1934 maximae,
1281 1866 1736 1930 atrociffimae&
1780 1862 1973 1944 perni-
2027 1864 2062 1934 {33-

239 1945 564 2004 ciociffimae
616 1944 1004 2005 contentiones
1045 1946 1275 2005 fuerunt
1313 1945 1375 2004 &
1421 1947 1568 2007 inter
1623 1943 1974 2008 Profess'ores
2027 1936 2062 1974 .÷

242 2024 681 2084 Christianitatis
730 2025 786 2084 in
829 2027 1102 2104 generali,
1149 2027 1211 2084 ὅτ
1256 2028 1329 2086 ad
1377 2028 1624 2086 invicem
1647 2028 1795 2086 inter
1823 2027 1972 2087 Pro·
2070 2080 2071 2086 ,

243 2105 527 2175 testanteS,
573 2104 666 2163 sed
706 2105 881 2164 etiarn
930 2123 1051 2166 tam
1080 2107 1340 2167 absurdae
1382 2107 1442 2165 δε
1473 2106 1680 2166 rationi
1708 2126 1973 2186 pugnan-
2067 2127 2070 2131 ’

246 2202 330 2245 tes
367 2186 780 2265 consequentiae
821 2186 1071 2267 sequutae
1119 2188 1263 2258 sunt,
1310 2204 1376 2248 ut
1421 2187 1548 2247 inde
1572 2187 1776 2267 religio
1805 2186 1975 2246 Chri·

248 2266 422 2326 stiana
471 2268 575 2327 fiat
615 2267 809 2326 odiosa
841 2268 1077 2346 Judaeis,
1125 2270 1335 2328 Turcis
1365 2270 1426 2327 &
1467 2268 1743 2327 Ethnicis.
1832 2268 1980 2328 Pro·
2040 2294 2067 2334 Q

247 2347 474 2408 feffores
521 2348 957 2409 Christianitatis
1009 2349 1064 2408 in
1126 2350 1237 2408 hoc
1279 2349 1568 2430 praecipue
1617 2350 1671 2407 se
1713 2348 2057 2426 dividunt-Q

251 2430 308 2488 in
357 2445 469 2488 tres
504 2429 817 2488 sententias.
905 2432 1101 2490 Prima
1128 2431 1208 2490 est
1245 2451 1470 2500 eorum,
1516 2429 1615 2509 qui
1633 2430 1832 2489 dicunt
1847 2430 1983 2490 sub-.·
2015 2432 2053 2517 {i
2083 2476 2086 2484 .

251 2510 516 2570 stantiam
555 2510 716 2591 panis
754 2512 1222 2591 transubstantiari
1270 2512 1326 2571 in
1387 2511 1756 2572 substantiam
1807 2509 1981 2591 ipsius
2026 2527 2053 2584 g·

253 2591 511 2672 corporis
565 2591 626 2649 ὅτ,
673 2593 956 2671 sanguinis
1000 2593 1230 2663 Christi,
1294 2593 1447 2673 quod
1497 2614 1566 2652 ex
1618 2591 1825 2655 Marid
1864 2590 1983 2650 vir-
2033 2585 2086 2650 ἦ.

254 2674 387 2751 gine
429 2688 628 2732 natum
679 2691 820 2743 erat,
902 2675 962 2732 &
1009 2674 1039 2732 ᾗ
1099 2675 1311 2752 Judaeis
1361 2675 1728 2744 crucifixum,
1789 2673 1868 2732 ita
1917 2686 1985 2732 ut
2019 2650 2056 2734 9

254 2754 386 2831 post
421 2755 808 2832 confi’crationis
849 2757 1020 2815 verba
1055 2755 1163 2830 (uti
1204 2777 1267 2815 ea
1315 2763 1554 2833 vocant)
1611 2775 1725 2815 non
1778 2753 1849 2813 fit
1895 2732 2053 2834 dius}

255 2834 406 2893 utius
446 2835 626 2913 paniS,
672 2836 765 2894 sed
805 2857 1014 2916 corpus
1063 2836 1291 2896 Christi.
1375 2837 1611 2897 Secunda
1651 2836 1730 2896 est
1751 2834 2066 2946 eorum,.·‚}f

257 2915 357 2992 qui
402 2916 602 2974 dicunt
636 2916 1004 2981 substantiam
1048 2917 1207 2998 panis
1261 2938 1575 2988 remanere,
1641 2916 1737 2976 sed
1779 2934 1984 2995 corpus
2039 2916 2069 2994 ,ᾗ

257 2995 433 3056 etiam
478 2996 690 3055 Christi
739 2997 818 3058 ibi
861 2998 1042 3058 adeffe
1080 2998 1154 3068 in,
1204 3019 1357 3068 cum,
1421 2999 1481 3057 &
1524 2999 1625 3059 sub
1664 3018 1832 3077 pane,
1905 2994 1985 3054 ita
2051 2996 2066 3072 ’ᾖ

258 3091 327 3134 ut
367 3077 514 3135 adsit
552 3078 614 3135 ὅτ
643 3078 970 3139 substantia
1010 3080 1192 3159 paniS,
1239 3080 1301 3136 &
1348 3081 1523 3139 etiam
1572 3097 1803 3157 corpm,
1847 3095 1984 3134 caro
2031 3090 2047 3139 ῥ’

261 3156 321 3210 δε
370 3157 590 3235 sanguis
633 3159 862 3219 Christi.
951 3160 1133 3220 Tertia
1159 3161 1239 3220 est
1261 3182 1491 3231 eorum,
1539 3159 1657 3239 qui,
1703 3157 1987 3235 denegan-

262 3249 345 3295 tes
382 3241 561 3300 ambo
607 3239 822 3319 priora,
888 3242 1182 3304 affirmant
1222 3261 1431 3325 corpus
1491 3237 1701 3302 Christi
1743 3237 1825 3299 ibi
1869 3255 1994 3375 upra
2075 3254 2086 3290 ε,

1881 3337 1910 3378 e
1959 3334 1990 3376 e
2078 3335 2086 3368 .·
