<?xml version="1.0" encoding="UTF-8"?>
<!DOCTYPE html PUBLIC "-//W3C//DTD XHTML 1.0 Transitional//EN"
    "http://www.w3.org/TR/xhtml1/DTD/xhtml1-transitional.dtd">
<html xmlns="http://www.w3.org/1999/xhtml" xml:lang="en" lang="en">
 <head>
  <title>
</title>
<meta http-equiv="Content-Type" content="text/html;charset=utf-8" />
  <meta name='ocr-system' content='tesseract 3.04.00' />
  <meta name='ocr-capabilities' content='ocr_page ocr_carea ocr_par ocr_line ocrx_word'/>
</head>
<body>
  <div class='ocr_page' id='page_1' title='image "./theologiaeverech00barcuoft_0202.png"; bbox 0 0 2086 3640; ppageno 0'>
   <div class='ocr_carea' id='block_1_1' title="bbox 187 67 1639 178">
    <p class='ocr_par' dir='ltr' id='par_1_1' title="bbox 187 67 1639 178">
     <span class='ocr_line' id='line_1_1' title="bbox 187 67 1639 178; baseline -0.004 -17"><span class='ocrx_word' id='word_1_1' title='bbox 187 115 315 178; x_wconf 59' lang='lat'><strong>‘174</strong></span> <span class='ocrx_word' id='word_1_2' title='bbox 476 87 962 154; x_wconf 74' lang='lat' dir='ltr'><em>THESIS</em></span> <span class='ocrx_word' id='word_1_3' title='bbox 1033 67 1639 155; x_wconf 61' lang='lat' dir='ltr'><strong>SEPr‘J‘MA.</strong></span> 
     </span>
    </p>
   </div>
   <div class='ocr_carea' id='block_1_2' title="bbox 178 194 1935 3412">
    <p class='ocr_par' dir='ltr' id='par_1_2' title="bbox 178 194 1935 3360">
     <span class='ocr_line' id='line_1_2' title="bbox 187 194 1926 275; baseline 0 -15"><span class='ocrx_word' id='word_1_4' title='bbox 187 223 271 274; x_wconf 80' lang='lat' dir='ltr'><strong>us,</strong></span> <span class='ocrx_word' id='word_1_5' title='bbox 318 204 574 269; x_wconf 84' lang='lat' dir='ltr'><em>innocens,</em></span> <span class='ocrx_word' id='word_1_6' title='bbox 621 197 690 259; x_wconf 60' lang='grc' dir='ltr'><strong>ξεῖ</strong></span> <span class='ocrx_word' id='word_1_7' title='bbox 741 195 1036 275; x_wconf 85' lang='lat' dir='ltr'><strong>impollutus</strong></span> <span class='ocrx_word' id='word_1_8' title='bbox 1066 197 1208 275; x_wconf 87' lang='lat' dir='ltr'><strong>fuit,</strong></span> <span class='ocrx_word' id='word_1_9' title='bbox 1254 216 1346 256; x_wconf 88' lang='lat' dir='ltr'><strong>nec</strong></span> <span class='ocrx_word' id='word_1_10' title='bbox 1391 197 1641 258; x_wconf 81' lang='lat' dir='ltr'><strong>inventus</strong></span> <span class='ocrx_word' id='word_1_11' title='bbox 1676 203 1754 259; x_wconf 65' lang='lat' dir='ltr'><strong>eff</strong></span> <span class='ocrx_word' id='word_1_12' title='bbox 1780 194 1926 265; x_wconf 79' lang='lat' dir='ltr'><strong>dolus</strong></span> 
     </span>
     <span class='ocr_line' id='line_1_3' title="bbox 184 277 1935 375; baseline 0.001 -32"><span class='ocrx_word' id='word_1_13' title='bbox 184 289 241 346; x_wconf 81' lang='lat' dir='ltr'><strong>in</strong></span> <span class='ocrx_word' id='word_1_14' title='bbox 269 305 357 342; x_wconf 84' lang='lat' dir='ltr'><strong>ore</strong></span> <span class='ocrx_word' id='word_1_15' title='bbox 382 285 506 362; x_wconf 87' lang='lat' dir='ltr'><strong>ejus..</strong></span> <span class='ocrx_word' id='word_1_16' title='bbox 590 279 773 361; x_wconf 83' lang='lat' dir='ltr'><strong>Qod</strong></span> <span class='ocrx_word' id='word_1_17' title='bbox 807 298 910 338; x_wconf 89' lang='lat' dir='ltr'><strong>nos</strong></span> <span class='ocrx_word' id='word_1_18' title='bbox 953 277 1140 339; x_wconf 89' lang='lat' dir='ltr'><strong>meriti</strong></span> <span class='ocrx_word' id='word_1_19' title='bbox 1176 277 1365 339; x_wconf 78' lang='lat' dir='ltr'><strong>sumus</strong></span> <span class='ocrx_word' id='word_1_20' title='bbox 1394 288 1506 375; x_wconf 76' lang='lat' dir='ltr'><strong>pro</strong></span> <span class='ocrx_word' id='word_1_21' title='bbox 1543 281 1788 358; x_wconf 88' lang='lat' dir='ltr'><strong>peccatis</strong></span> <span class='ocrx_word' id='word_1_22' title='bbox 1813 299 1935 344; x_wconf 65' lang='grc' dir='ltr'><strong>ου’-ι</strong></span> 
     </span>
     <span class='ocr_line' id='line_1_4' title="bbox 182 354 1922 440; baseline -0.001 -17"><span class='ocrx_word' id='word_1_23' title='bbox 182 365 326 431; x_wconf 74' lang='lat' dir='ltr'><strong>striS,</strong></span> <span class='ocrx_word' id='word_1_24' title='bbox 392 381 507 421; x_wconf 90' lang='lat' dir='ltr'><strong>non</strong></span> <span class='ocrx_word' id='word_1_25' title='bbox 552 380 750 431; x_wconf 88' lang='lat' dir='ltr'><strong>renuo,</strong></span> <span class='ocrx_word' id='word_1_26' title='bbox 798 359 985 440; x_wconf 89' lang='lat' dir='ltr'><strong>ipsum</strong></span> <span class='ocrx_word' id='word_1_27' title='bbox 1011 356 1426 433; x_wconf 84' lang='lat' dir='ltr'><strong>inobedientia</strong></span> <span class='ocrx_word' id='word_1_28' title='bbox 1469 354 1543 418; x_wconf 86' lang='lat' dir='ltr'><strong>ad</strong></span> <span class='ocrx_word' id='word_1_29' title='bbox 1589 356 1793 420; x_wconf 87' lang='lat' dir='ltr'><strong>Deum</strong></span> <span class='ocrx_word' id='word_1_30' title='bbox 1831 363 1922 423; x_wconf 80' lang='lat' dir='ltr'><strong>su-</strong></span> 
     </span>
     <span class='ocr_line' id='line_1_5' title="bbox 182 436 1925 522; baseline -0.001 -20"><span class='ocrx_word' id='word_1_31' title='bbox 182 444 339 508; x_wconf 86' lang='lat' dir='ltr'><strong>biiffe</strong></span> <span class='ocrx_word' id='word_1_32' title='bbox 374 442 681 501; x_wconf 90' lang='lat' dir='ltr'><strong>secundum</strong></span> <span class='ocrx_word' id='word_1_33' title='bbox 731 440 907 522; x_wconf 89' lang='lat' dir='ltr'><strong>patris</strong></span> <span class='ocrx_word' id='word_1_34' title='bbox 956 436 1277 500; x_wconf 88' lang='lat' dir='ltr'>confilium.</span> <span class='ocrx_word' id='word_1_35' title='bbox 1360 437 1492 509; x_wconf 88' lang='lat' dir='ltr'><strong>Sed,</strong></span> <span class='ocrx_word' id='word_1_36' title='bbox 1555 438 1719 518; x_wconf 72' lang='lat' dir='ltr'><strong>quod</strong></span> <span class='ocrx_word' id='word_1_37' title='bbox 1766 441 1925 505; x_wconf 79' lang='lat' dir='ltr'><strong>Deus</strong></span> 
     </span>
     <span class='ocr_line' id='line_1_6' title="bbox 179 515 1924 603; baseline 0.001 -20"><span class='ocrx_word' id='word_1_38' title='bbox 179 544 434 603; x_wconf 91' lang='lat' dir='ltr'><strong>unquam</strong></span> <span class='ocrx_word' id='word_1_39' title='bbox 478 543 612 581; x_wconf 90' lang='lat' dir='ltr'><strong>eum</strong></span> <span class='ocrx_word' id='word_1_40' title='bbox 660 531 1029 603; x_wconf 80' lang='lat' dir='ltr'><strong>peccatorem</strong></span> <span class='ocrx_word' id='word_1_41' title='bbox 1084 515 1412 591; x_wconf 67' lang='lat' dir='ltr'><strong>aestimavit,</strong></span> <span class='ocrx_word' id='word_1_42' title='bbox 1455 525 1627 600; x_wconf 86' lang='lat' dir='ltr'><strong>nego.</strong></span> <span class='ocrx_word' id='word_1_43' title='bbox 1711 521 1924 602; x_wconf 76' lang='lat' dir='ltr'><strong>Neque</strong></span> 
     </span>
     <span class='ocr_line' id='line_1_7' title="bbox 180 599 1926 684; baseline 0.001 -20"><span class='ocrx_word' id='word_1_44' title='bbox 180 624 439 684; x_wconf 89' lang='lat' dir='ltr'><strong>unquam</strong></span> <span class='ocrx_word' id='word_1_45' title='bbox 479 618 742 663; x_wconf 85' lang='lat' dir='ltr'><strong>mortuus</strong></span> <span class='ocrx_word' id='word_1_46' title='bbox 769 604 872 675; x_wconf 88' lang='lat' dir='ltr'><strong>est,</strong></span> <span class='ocrx_word' id='word_1_47' title='bbox 918 618 985 664; x_wconf 91' lang='lat' dir='ltr'><strong>ut</strong></span> <span class='ocrx_word' id='word_1_48' title='bbox 1009 620 1111 663; x_wconf 90' lang='lat' dir='ltr'><strong>nos</strong></span> <span class='ocrx_word' id='word_1_49' title='bbox 1139 600 1559 661; x_wconf 67' lang='lat' dir='ltr'><strong>aestimaremur</strong></span> <span class='ocrx_word' id='word_1_50' title='bbox 1595 599 1755 680; x_wconf 86' lang='lat' dir='ltr'><strong>justi,</strong></span> <span class='ocrx_word' id='word_1_51' title='bbox 1787 602 1926 664; x_wconf 86' lang='lat' dir='ltr'><strong>licet</strong></span> 
     </span>
     <span class='ocr_line' id='line_1_8' title="bbox 179 674 1919 765; baseline -0.001 -20"><span class='ocrx_word' id='word_1_52' title='bbox 179 706 298 748; x_wconf 90' lang='lat' dir='ltr'><strong>non</strong></span> <span class='ocrx_word' id='word_1_53' title='bbox 330 684 581 765; x_wconf 74' lang='lat' dir='ltr'><strong>amplius</strong></span> <span class='ocrx_word' id='word_1_54' title='bbox 616 683 844 744; x_wconf 78' lang='lat' dir='ltr'>realiter</span> <span class='ocrx_word' id='word_1_55' title='bbox 883 674 1043 763; x_wconf 87' lang='lat' dir='ltr'><strong>justi,</strong></span> <span class='ocrx_word' id='word_1_56' title='bbox 1090 682 1268 763; x_wconf 72' lang='lat' dir='ltr'><strong>quam</strong></span> <span class='ocrx_word' id='word_1_57' title='bbox 1295 678 1410 761; x_wconf 92' lang='lat' dir='ltr'><strong>ipse</strong></span> <span class='ocrx_word' id='word_1_58' title='bbox 1438 674 1670 760; x_wconf 84' lang='lat' dir='ltr'><strong>injustus</strong></span> <span class='ocrx_word' id='word_1_59' title='bbox 1686 680 1817 754; x_wconf 85' lang='lat' dir='ltr'><strong>fuit,</strong></span> <span class='ocrx_word' id='word_1_60' title='bbox 1849 700 1919 753; x_wconf 79' lang='lat' dir='ltr'><strong>uc</strong></span> 
     </span>
     <span class='ocr_line' id='line_1_9' title="bbox 180 763 1923 846; baseline 0 -21"><span class='ocrx_word' id='word_1_61' title='bbox 180 767 380 846; x_wconf 90' lang='lat' dir='ltr'><strong>postea</strong></span> <span class='ocrx_word' id='word_1_62' title='bbox 420 765 662 846; x_wconf 88' lang='lat' dir='ltr'><strong>patebit.</strong></span> <span class='ocrx_word' id='word_1_63' title='bbox 748 766 934 834; x_wconf 89' lang='lat' dir='ltr'><strong>Nam,</strong></span> <span class='ocrx_word' id='word_1_64' title='bbox 995 764 1038 822; x_wconf 87' lang='lat' dir='ltr'><strong>fi</strong></span> <span class='ocrx_word' id='word_1_65' title='bbox 1071 763 1183 822; x_wconf 92' lang='lat' dir='ltr'><strong>hoc</strong></span> <span class='ocrx_word' id='word_1_66' title='bbox 1224 779 1636 843; x_wconf 81' lang='lat' dir='ltr'>argumentum</span> <span class='ocrx_word' id='word_1_67' title='bbox 1661 763 1923 829; x_wconf 87' lang='lat' dir='ltr'><strong>validum</strong></span> 
     </span>
     <span class='ocr_line' id='line_1_10' title="bbox 182 841 1922 927; baseline 0 -21"><span class='ocrx_word' id='word_1_68' title='bbox 182 847 343 919; x_wconf 86' lang='lat' dir='ltr'><strong>esset,</strong></span> <span class='ocrx_word' id='word_1_69' title='bbox 376 847 570 927; x_wconf 89' lang='lat' dir='ltr'><strong>urgeri</strong></span> <span class='ocrx_word' id='word_1_70' title='bbox 602 846 788 927; x_wconf 84' lang='lat' dir='ltr'><strong>poffet</strong></span> <span class='ocrx_word' id='word_1_71' title='bbox 813 846 888 906; x_wconf 87' lang='lat' dir='ltr'><strong>ad</strong></span> <span class='ocrx_word' id='word_1_72' title='bbox 907 844 1229 905; x_wconf 66' lang='lat' dir='ltr'><strong>doctrinam</strong></span> <span class='ocrx_word' id='word_1_73' title='bbox 1259 841 1447 923; x_wconf 88' lang='lat' dir='ltr'>impiis</span> <span class='ocrx_word' id='word_1_74' title='bbox 1475 844 1922 925; x_wconf 86' lang='lat' dir='ltr'><strong>acceptiffimam</strong></span> 
     </span>
     <span class='ocr_line' id='line_1_11' title="bbox 182 923 1923 1003; baseline 0.001 -17"><span class='ocrx_word' id='word_1_75' title='bbox 182 927 597 987; x_wconf 77' lang='lat' dir='ltr'><strong>defendendam</strong></span> <span class='ocrx_word' id='word_1_76' title='bbox 628 949 642 987; x_wconf 90' lang='lat'>:</span> <span class='ocrx_word' id='word_1_77' title='bbox 688 929 747 987; x_wconf 93' lang='lat' dir='ltr'><strong>Si</strong></span> <span class='ocrx_word' id='word_1_78' title='bbox 775 924 928 988; x_wconf 87' lang='lat' dir='ltr'><strong>enim</strong></span> <span class='ocrx_word' id='word_1_79' title='bbox 957 941 1059 987; x_wconf 89' lang='lat' dir='ltr'><strong>nos</strong></span> <span class='ocrx_word' id='word_1_80' title='bbox 1091 923 1228 1003; x_wconf 89' lang='lat' dir='ltr'><strong>justi</strong></span> <span class='ocrx_word' id='word_1_81' title='bbox 1256 924 1450 996; x_wconf 85' lang='lat' dir='ltr'><strong>fimus,</strong></span> <span class='ocrx_word' id='word_1_82' title='bbox 1496 925 1640 986; x_wconf 86' lang='lat' dir='ltr'><strong>ficut</strong></span> <span class='ocrx_word' id='word_1_83' title='bbox 1666 923 1923 988; x_wconf 80' lang='lat' dir='ltr'><strong>Christus</strong></span> 
     </span>
     <span class='ocr_line' id='line_1_12' title="bbox 178 1003 1924 1088; baseline 0 -18"><span class='ocrx_word' id='word_1_84' title='bbox 178 1008 362 1071; x_wconf 62' lang='lat' dir='ltr'><strong>,factus</strong></span> <span class='ocrx_word' id='word_1_85' title='bbox 398 1027 676 1088; x_wconf 88' lang='lat' dir='ltr'><strong>peccator</strong></span> <span class='ocrx_word' id='word_1_86' title='bbox 715 1008 870 1068; x_wconf 70' lang='lat' dir='ltr'><strong>mera</strong></span> <span class='ocrx_word' id='word_1_87' title='bbox 908 1006 1306 1088; x_wconf 87' lang='lat' dir='ltr'><strong>imputatione,</strong></span> <span class='ocrx_word' id='word_1_88' title='bbox 1331 1021 1492 1078; x_wconf 88' lang='lat' dir='ltr'><strong>tunc,</strong></span> <span class='ocrx_word' id='word_1_89' title='bbox 1533 1003 1678 1067; x_wconf 86' lang='lat' dir='ltr'><strong>ficut</strong></span> <span class='ocrx_word' id='word_1_90' title='bbox 1694 1007 1924 1070; x_wconf 87' lang='lat' dir='ltr'><strong>nullum</strong></span> 
     </span>
     <span class='ocr_line' id='line_1_13' title="bbox 179 1086 1924 1170; baseline 0.001 -22"><span class='ocrx_word' id='word_1_91' title='bbox 179 1108 306 1150; x_wconf 84' lang='lat' dir='ltr'><strong>erat</strong></span> <span class='ocrx_word' id='word_1_92' title='bbox 346 1107 650 1170; x_wconf 88' lang='lat' dir='ltr'><strong>peccatum</strong></span> <span class='ocrx_word' id='word_1_93' title='bbox 705 1090 761 1149; x_wconf 91' lang='lat' dir='ltr'><strong>in</strong></span> <span class='ocrx_word' id='word_1_94' title='bbox 798 1088 1052 1160; x_wconf 87' lang='lat' dir='ltr'><strong>Christo,</strong></span> <span class='ocrx_word' id='word_1_95' title='bbox 1113 1087 1186 1145; x_wconf 73' lang='lat' dir='ltr'><strong>ne</strong></span> <span class='ocrx_word' id='word_1_96' title='bbox 1214 1086 1308 1148; x_wconf 87' lang='lat' dir='ltr'><strong>vel</strong></span> <span class='ocrx_word' id='word_1_97' title='bbox 1355 1086 1685 1159; x_wconf 89' lang='lat' dir='ltr'><strong>minimum,</strong></span> <span class='ocrx_word' id='word_1_98' title='bbox 1728 1087 1924 1169; x_wconf 76' lang='lat' dir='ltr'><strong>seque-</strong></span> 
     </span>
     <span class='ocr_line' id='line_1_14' title="bbox 182 1166 1923 1250; baseline 0.001 -21"><span class='ocrx_word' id='word_1_99' title='bbox 182 1188 348 1231; x_wconf 88' lang='lat' dir='ltr'><strong>retur</strong></span> <span class='ocrx_word' id='word_1_100' title='bbox 379 1170 535 1230; x_wconf 65' lang='lat' dir='ltr'><strong>nulla</strong></span> <span class='ocrx_word' id='word_1_101' title='bbox 579 1171 745 1233; x_wconf 91' lang='lat' dir='ltr'><strong>nobis</strong></span> <span class='ocrx_word' id='word_1_102' title='bbox 786 1191 931 1250; x_wconf 90' lang='lat' dir='ltr'><strong>opus</strong></span> <span class='ocrx_word' id='word_1_103' title='bbox 969 1170 1078 1229; x_wconf 85' lang='lat' dir='ltr'><strong>effe</strong></span> <span class='ocrx_word' id='word_1_104' title='bbox 1110 1166 1348 1247; x_wconf 69' lang='lat' dir='ltr'><strong>justitia,</strong></span> <span class='ocrx_word' id='word_1_105' title='bbox 1394 1169 1665 1248; x_wconf 89' lang='lat' dir='ltr'><strong>puritate,</strong></span> <span class='ocrx_word' id='word_1_106' title='bbox 1708 1169 1923 1230; x_wconf 81' lang='lat' dir='ltr'><strong>necin-</strong></span> 
     </span>
     <span class='ocr_line' id='line_1_15' title="bbox 181 1248 1922 1330; baseline 0.001 -18"><span class='ocrx_word' id='word_1_107' title='bbox 181 1253 345 1312; x_wconf 66' lang='lat' dir='ltr'><strong>terna</strong></span> <span class='ocrx_word' id='word_1_108' title='bbox 388 1251 847 1311; x_wconf 71' lang='lat' dir='ltr'><strong>sanctificatione.</strong></span> <span class='ocrx_word' id='word_1_109' title='bbox 932 1249 1190 1330; x_wconf 89' lang='lat' dir='ltr'><strong>Intelligi</strong></span> <span class='ocrx_word' id='word_1_110' title='bbox 1232 1264 1473 1330; x_wconf 87' lang='lat' dir='ltr'><strong>oportet</strong></span> <span class='ocrx_word' id='word_1_111' title='bbox 1507 1248 1708 1329; x_wconf 89' lang='lat' dir='ltr'><strong>igitur,</strong></span> <span class='ocrx_word' id='word_1_112' title='bbox 1751 1249 1922 1313; x_wconf 91' lang='lat' dir='ltr'><strong>illum</strong></span> 
     </span>
     <span class='ocr_line' id='line_1_16' title="bbox 184 1327 1922 1412; baseline -0.001 -19"><span class='ocrx_word' id='word_1_113' title='bbox 184 1334 405 1394; x_wconf 68' lang='lat' dir='ltr'><strong>factum</strong></span> <span class='ocrx_word' id='word_1_114' title='bbox 444 1333 602 1392; x_wconf 85' lang='lat' dir='ltr'><strong>fuiffe</strong></span> <span class='ocrx_word' id='word_1_115' title='bbox 630 1353 740 1412; x_wconf 90' lang='lat' dir='ltr'><strong>pro</strong></span> <span class='ocrx_word' id='word_1_116' title='bbox 787 1332 950 1392; x_wconf 88' lang='lat' dir='ltr'><strong>nobis</strong></span> <span class='ocrx_word' id='word_1_117' title='bbox 971 1347 1274 1412; x_wconf 86' lang='lat' dir='ltr'><strong>peccatum</strong></span> <span class='ocrx_word' id='word_1_118' title='bbox 1295 1327 1727 1401; x_wconf 81' lang='lat' dir='ltr'><strong>tantummode,</strong></span> <span class='ocrx_word' id='word_1_119' title='bbox 1779 1352 1922 1412; x_wconf 82' lang='lat' dir='ltr'><strong>qua-</strong></span> 
     </span>
     <span class='ocr_line' id='line_1_17' title="bbox 178 1411 1924 1475; baseline -0.002 -1"><span class='ocrx_word' id='word_1_120' title='bbox 178 1418 346 1474; x_wconf 77' lang='lat' dir='ltr'><strong>tenus</strong></span> <span class='ocrx_word' id='word_1_121' title='bbox 394 1414 829 1474; x_wconf 85' lang='lat' dir='ltr'><strong>inenarrabilem</strong></span> <span class='ocrx_word' id='word_1_122' title='bbox 873 1413 1035 1473; x_wconf 89' lang='lat' dir='ltr'><strong>illam</strong></span> <span class='ocrx_word' id='word_1_123' title='bbox 1065 1411 1272 1473; x_wconf 86' lang='lat' dir='ltr'><strong>animae</strong></span> <span class='ocrx_word' id='word_1_124' title='bbox 1307 1411 1650 1473; x_wconf 86' lang='lat' dir='ltr'><strong>anxietatem</strong></span> <span class='ocrx_word' id='word_1_125' title='bbox 1690 1416 1755 1475; x_wconf 81' lang='grc' dir='ltr'><strong>ὅτ</strong></span> <span class='ocrx_word' id='word_1_126' title='bbox 1791 1432 1924 1473; x_wconf 74' lang='lat' dir='ltr'><strong>cor-</strong></span> 
     </span>
     <span class='ocr_line' id='line_1_18' title="bbox 178 1490 1923 1575; baseline 0.001 -22"><span class='ocrx_word' id='word_1_127' title='bbox 178 1495 338 1575; x_wconf 84' lang='lat' dir='ltr'><strong>poris</strong></span> <span class='ocrx_word' id='word_1_128' title='bbox 369 1514 606 1574; x_wconf 90' lang='lat' dir='ltr'><strong>poenam</strong></span> <span class='ocrx_word' id='word_1_129' title='bbox 646 1515 756 1574; x_wconf 91' lang='lat' dir='ltr'><strong>pro</strong></span> <span class='ocrx_word' id='word_1_130' title='bbox 785 1495 952 1555; x_wconf 91' lang='lat' dir='ltr'><strong>nobis</strong></span> <span class='ocrx_word' id='word_1_131' title='bbox 980 1492 1261 1564; x_wconf 87' lang='lat' dir='ltr'><strong>sustinuit,</strong></span> <span class='ocrx_word' id='word_1_132' title='bbox 1291 1513 1423 1573; x_wconf 88' lang='lat' dir='ltr'><strong>quae</strong></span> <span class='ocrx_word' id='word_1_133' title='bbox 1451 1490 1684 1573; x_wconf 83' lang='lat' dir='ltr'><strong>quidem</strong></span> <span class='ocrx_word' id='word_1_134' title='bbox 1712 1494 1923 1556; x_wconf 77' lang='lat' dir='ltr'><strong>nostris</strong></span> 
     </span>
     <span class='ocr_line' id='line_1_19' title="bbox 181 1571 1924 1656; baseline 0 -22"><span class='ocrx_word' id='word_1_135' title='bbox 181 1574 431 1656; x_wconf 87' lang='lat' dir='ltr'><strong>peccatis</strong></span> <span class='ocrx_word' id='word_1_136' title='bbox 478 1574 673 1635; x_wconf 87' lang='lat' dir='ltr'><strong>debita</strong></span> <span class='ocrx_word' id='word_1_137' title='bbox 715 1574 966 1646; x_wconf 87' lang='lat' dir='ltr'><strong>fuerunt,</strong></span> <span class='ocrx_word' id='word_1_138' title='bbox 1030 1589 1098 1633; x_wconf 91' lang='lat' dir='ltr'><strong>ut</strong></span> <span class='ocrx_word' id='word_1_139' title='bbox 1140 1593 1244 1633; x_wconf 89' lang='lat' dir='ltr'><strong>nos</strong></span> <span class='ocrx_word' id='word_1_140' title='bbox 1285 1572 1489 1653; x_wconf 81' lang='lat' dir='ltr'><strong>gratiae</strong></span> <span class='ocrx_word' id='word_1_141' title='bbox 1526 1571 1697 1653; x_wconf 85' lang='lat' dir='ltr'><strong>illius,</strong></span> <span class='ocrx_word' id='word_1_142' title='bbox 1742 1595 1924 1654; x_wconf 86' lang='lat' dir='ltr'><strong>quarn</strong></span> 
     </span>
     <span class='ocr_line' id='line_1_20' title="bbox 180 1642 1924 1736; baseline -0.001 -21"><span class='ocrx_word' id='word_1_143' title='bbox 180 1658 299 1736; x_wconf 89' lang='lat' dir='ltr'><strong>ipse</strong></span> <span class='ocrx_word' id='word_1_144' title='bbox 347 1655 511 1716; x_wconf 92' lang='lat' dir='ltr'><strong>nobis</strong></span> <span class='ocrx_word' id='word_1_145' title='bbox 566 1656 838 1735; x_wconf 88' lang='lat' dir='ltr'><strong>patiendo</strong></span> <span class='ocrx_word' id='word_1_146' title='bbox 886 1657 1083 1716; x_wconf 62' lang='lat' dir='ltr'><strong>nasius</strong></span> <span class='ocrx_word' id='word_1_147' title='bbox 1119 1653 1223 1724; x_wconf 91' lang='lat' dir='ltr'><strong>est,</strong></span> <span class='ocrx_word' id='word_1_148' title='bbox 1284 1651 1592 1733; x_wconf 84' lang='lat' dir='ltr'><strong>participes</strong></span> <span class='ocrx_word' id='word_1_149' title='bbox 1630 1642 1924 1730; x_wconf 82' lang='lat' dir='ltr'><strong>fieremus,</strong></span> 
     </span>
     <span class='ocr_line' id='line_1_21' title="bbox 185 1728 1926 1817; baseline 0.001 -21"><span class='ocrx_word' id='word_1_150' title='bbox 185 1738 344 1815; x_wconf 80' lang='lat' dir='ltr'><strong>cujus</strong></span> <span class='ocrx_word' id='word_1_151' title='bbox 406 1736 836 1817; x_wconf 80' lang='lat' dir='ltr'><strong>operationibus</strong></span> <span class='ocrx_word' id='word_1_152' title='bbox 895 1735 1178 1797; x_wconf 84' lang='lat' dir='ltr'><strong>efficimur</strong></span> <span class='ocrx_word' id='word_1_153' title='bbox 1245 1728 1467 1812; x_wconf 86' lang='lat' dir='ltr'><strong>justitia</strong></span> <span class='ocrx_word' id='word_1_154' title='bbox 1523 1731 1632 1796; x_wconf 85' lang='lat' dir='ltr'><strong>Dei</strong></span> <span class='ocrx_word' id='word_1_155' title='bbox 1688 1734 1746 1794; x_wconf 93' lang='lat' dir='ltr'><strong>in</strong></span> <span class='ocrx_word' id='word_1_156' title='bbox 1781 1733 1926 1817; x_wconf 78' lang='lat' dir='ltr'><strong>ipsc.</strong></span> 
     </span>
     <span class='ocr_line' id='line_1_22' title="bbox 187 1814 1927 1903; baseline 0 -27"><span class='ocrx_word' id='word_1_157' title='bbox 187 1818 374 1903; x_wconf 82' lang='lat' dir='ltr'><strong>Qod</strong></span> <span class='ocrx_word' id='word_1_158' title='bbox 414 1819 563 1878; x_wconf 92' lang='lat' dir='ltr'><strong>enim</strong></span> <span class='ocrx_word' id='word_1_159' title='bbox 597 1819 920 1899; x_wconf 88' lang='lat' dir='ltr'><strong>Apostolus</strong></span> <span class='ocrx_word' id='word_1_160' title='bbox 952 1819 1062 1877; x_wconf 91' lang='lat' dir='ltr'><strong>hoc</strong></span> <span class='ocrx_word' id='word_1_161' title='bbox 1095 1816 1231 1878; x_wconf 91' lang='lat' dir='ltr'><strong>loco</strong></span> <span class='ocrx_word' id='word_1_162' title='bbox 1252 1814 1443 1876; x_wconf 88' lang='lat' dir='ltr'><strong>voluit</strong></span> <span class='ocrx_word' id='word_1_163' title='bbox 1478 1814 1549 1875; x_wconf 90' lang='lat' dir='ltr'><strong>de</strong></span> <span class='ocrx_word' id='word_1_164' title='bbox 1587 1815 1728 1876; x_wconf 90' lang='lat' dir='ltr'><strong>reali</strong></span> <span class='ocrx_word' id='word_1_165' title='bbox 1756 1814 1927 1895; x_wconf 80' lang='lat' dir='ltr'><strong>justi-</strong></span> 
     </span>
     <span class='ocr_line' id='line_1_23' title="bbox 181 1896 1924 1978; baseline -0.001 -19"><span class='ocrx_word' id='word_1_166' title='bbox 181 1901 260 1959; x_wconf 70' lang='lat' dir='ltr'><strong>tia</strong></span> <span class='ocrx_word' id='word_1_167' title='bbox 307 1899 515 1959; x_wconf 80' lang='lat' dir='ltr'><strong>animae</strong></span> <span class='ocrx_word' id='word_1_168' title='bbox 552 1898 754 1970; x_wconf 68' lang='lat' dir='ltr'><strong>infusa,</strong></span> <span class='ocrx_word' id='word_1_169' title='bbox 800 1900 863 1959; x_wconf 76' lang='grc' dir='ltr'><strong>ὅτ</strong></span> <span class='ocrx_word' id='word_1_170' title='bbox 900 1920 1016 1959; x_wconf 92' lang='lat' dir='ltr'><strong>non</strong></span> <span class='ocrx_word' id='word_1_171' title='bbox 1052 1898 1124 1958; x_wconf 91' lang='lat' dir='ltr'><strong>de</strong></span> <span class='ocrx_word' id='word_1_172' title='bbox 1164 1896 1509 1978; x_wconf 68' lang='lat' dir='ltr'><strong>imputativfi</strong></span> <span class='ocrx_word' id='word_1_173' title='bbox 1536 1896 1725 1957; x_wconf 91' lang='lat' dir='ltr'><strong>solum</strong></span> <span class='ocrx_word' id='word_1_174' title='bbox 1753 1898 1924 1958; x_wconf 85' lang='lat' dir='ltr'><strong>intel-</strong></span> 
     </span>
     <span class='ocr_line' id='line_1_24' title="bbox 185 1977 1924 2060; baseline -0.001 -20"><span class='ocrx_word' id='word_1_175' title='bbox 185 1981 311 2060; x_wconf 84' lang='lat' dir='ltr'><strong>ligi,</strong></span> <span class='ocrx_word' id='word_1_176' title='bbox 367 1995 612 2060; x_wconf 90' lang='lat' dir='ltr'><strong>apparet</strong></span> <span class='ocrx_word' id='word_1_177' title='bbox 658 2001 729 2040; x_wconf 86' lang='lat' dir='ltr'><strong>ex</strong></span> <span class='ocrx_word' id='word_1_178' title='bbox 768 2001 858 2051; x_wconf 79' lang='lat' dir='ltr'><strong>ee,</strong></span> <span class='ocrx_word' id='word_1_179' title='bbox 903 1979 1062 2059; x_wconf 90' lang='lat' dir='ltr'><strong>quod</strong></span> <span class='ocrx_word' id='word_1_180' title='bbox 1088 1977 1340 2059; x_wconf 86' lang='lat' dir='ltr'><strong>sequitur</strong></span> <span class='ocrx_word' id='word_1_181' title='bbox 1376 1977 1433 2036; x_wconf 90' lang='lat' dir='ltr'><strong>in</strong></span> <span class='ocrx_word' id='word_1_182' title='bbox 1483 1999 1578 2053; x_wconf 90' lang='lat'><strong>14,</strong></span> <span class='ocrx_word' id='word_1_183' title='bbox 1611 1995 1707 2054; x_wconf 85' lang='lat'><strong>15,</strong></span> <span class='ocrx_word' id='word_1_184' title='bbox 1732 1978 1793 2037; x_wconf 85' lang='lat'>&amp;</span> <span class='ocrx_word' id='word_1_185' title='bbox 1830 1979 1924 2040; x_wconf 89' lang='lat'><strong>16.</strong></span> 
     </span>
     <span class='ocr_line' id='line_1_25' title="bbox 178 2057 1922 2140; baseline -0.002 -20"><span class='ocrx_word' id='word_1_186' title='bbox 178 2061 437 2121; x_wconf 81' lang='lat' dir='ltr'><strong>verfibus</strong></span> <span class='ocrx_word' id='word_1_187' title='bbox 473 2060 747 2140; x_wconf 88' lang='lat' dir='ltr'><strong>sequentis</strong></span> <span class='ocrx_word' id='word_1_188' title='bbox 775 2059 987 2139; x_wconf 80' lang='lat' dir='ltr'><strong>capitiS.</strong></span> <span class='ocrx_word' id='word_1_189' title='bbox 1075 2058 1331 2120; x_wconf 65' lang='lat' dir='ltr'><strong>Abunde</strong></span> <span class='ocrx_word' id='word_1_190' title='bbox 1374 2057 1670 2124; x_wconf 74' lang='lat' dir='ltr'><strong>contendit</strong></span> <span class='ocrx_word' id='word_1_191' title='bbox 1717 2074 1922 2122; x_wconf 84' lang='lat' dir='ltr'><strong>contra</strong></span> 
     </span>
     <span class='ocr_line' id='line_1_26' title="bbox 181 2141 1923 2222; baseline -0.002 -19"><span class='ocrx_word' id='word_1_192' title='bbox 181 2142 543 2222; x_wconf 80' lang='lat' dir='ltr'><strong>suppofitam</strong></span> <span class='ocrx_word' id='word_1_193' title='bbox 604 2142 930 2201; x_wconf 86' lang='lat' dir='ltr'><strong>concordiam</strong></span> <span class='ocrx_word' id='word_1_194' title='bbox 978 2141 1187 2202; x_wconf 86' lang='lat' dir='ltr'><strong>luminis</strong></span> <span class='ocrx_word' id='word_1_195' title='bbox 1242 2161 1358 2200; x_wconf 87' lang='lat' dir='ltr'><strong>cum</strong></span> <span class='ocrx_word' id='word_1_196' title='bbox 1405 2141 1645 2209; x_wconf 86' lang='lat' dir='ltr'><strong>tenebris,</strong></span> <span class='ocrx_word' id='word_1_197' title='bbox 1695 2141 1923 2220; x_wconf 59' lang='lat' dir='ltr'><strong>justitie&amp;</strong></span> 
     </span>
     <span class='ocr_line' id='line_1_27' title="bbox 181 2219 1919 2307; baseline -0.002 -24"><span class='ocrx_word' id='word_1_198' title='bbox 181 2245 299 2283; x_wconf 86' lang='lat' dir='ltr'><strong>cum</strong></span> <span class='ocrx_word' id='word_1_199' title='bbox 328 2223 604 2305; x_wconf 71' lang='lat' dir='ltr'><strong>injustitid,</strong></span> <span class='ocrx_word' id='word_1_200' title='bbox 651 2223 807 2301; x_wconf 87' lang='lat' dir='ltr'><strong>quod</strong></span> <span class='ocrx_word' id='word_1_201' title='bbox 843 2222 1144 2282; x_wconf 69' lang='lat' dir='ltr'><strong>necessario</strong></span> <span class='ocrx_word' id='word_1_202' title='bbox 1181 2219 1411 2280; x_wconf 89' lang='lat' dir='ltr'><strong>admitti</strong></span> <span class='ocrx_word' id='word_1_203' title='bbox 1443 2235 1696 2307; x_wconf 70' lang='lat' dir='ltr'><strong>oportet,</strong></span> <span class='ocrx_word' id='word_1_204' title='bbox 1742 2219 1784 2278; x_wconf 88' lang='lat' dir='ltr'>fi</span> <span class='ocrx_word' id='word_1_205' title='bbox 1814 2221 1919 2280; x_wconf 77' lang='lat' dir='ltr'><strong>ho-</strong></span> 
     </span>
     <span class='ocr_line' id='line_1_28' title="bbox 186 2301 1919 2382; baseline -0.001 -19"><span class='ocrx_word' id='word_1_206' title='bbox 186 2304 365 2363; x_wconf 88' lang='lat' dir='ltr'><strong>mines</strong></span> <span class='ocrx_word' id='word_1_207' title='bbox 403 2303 626 2363; x_wconf 91' lang='lat' dir='ltr'><strong>dicendi</strong></span> <span class='ocrx_word' id='word_1_208' title='bbox 658 2302 763 2362; x_wconf 87' lang='lat' dir='ltr'><strong>fint</strong></span> <span class='ocrx_word' id='word_1_209' title='bbox 792 2304 847 2362; x_wconf 90' lang='lat' dir='ltr'><strong>in</strong></span> <span class='ocrx_word' id='word_1_210' title='bbox 871 2303 1099 2363; x_wconf 88' lang='lat' dir='ltr'><strong>Christo</strong></span> <span class='ocrx_word' id='word_1_211' title='bbox 1132 2301 1291 2382; x_wconf 91' lang='lat' dir='ltr'><strong>justi,</strong></span> <span class='ocrx_word' id='word_1_212' title='bbox 1316 2303 1378 2361; x_wconf 86' lang='lat'>&amp;</span> <span class='ocrx_word' id='word_1_213' title='bbox 1400 2301 1572 2361; x_wconf 88' lang='lat' dir='ltr'><strong>realia</strong></span> <span class='ocrx_word' id='word_1_214' title='bbox 1593 2315 1710 2379; x_wconf 77' lang='lat' dir='ltr'><strong>ejus</strong></span> <span class='ocrx_word' id='word_1_215' title='bbox 1732 2322 1919 2362; x_wconf 73' lang='lat' dir='ltr'><strong>mem-</strong></span> 
     </span>
     <span class='ocr_line' id='line_1_29' title="bbox 187 2382 1913 2464; baseline -0.001 -20"><span class='ocrx_word' id='word_1_216' title='bbox 187 2387 314 2456; x_wconf 84' lang='lat' dir='ltr'><strong>bra,</strong></span> <span class='ocrx_word' id='word_1_217' title='bbox 366 2384 552 2444; x_wconf 68' lang='lat' dir='ltr'><strong>solum</strong></span> <span class='ocrx_word' id='word_1_218' title='bbox 586 2383 1173 2463; x_wconf 67' lang='lat' dir='ltr'><strong>justitia&#39;imputativa</strong></span> <span class='ocrx_word' id='word_1_219' title='bbox 1216 2382 1547 2464; x_wconf 78' lang='lat' dir='ltr'><strong>simpliciter</strong></span> <span class='ocrx_word' id='word_1_220' title='bbox 1574 2399 1736 2442; x_wconf 83' lang='lat' dir='ltr'><strong>extra</strong></span> <span class='ocrx_word' id='word_1_221' title='bbox 1757 2382 1913 2455; x_wconf 87' lang='lat' dir='ltr'><strong>illos,</strong></span> 
     </span>
     <span class='ocr_line' id='line_1_30' title="bbox 185 2462 1919 2545; baseline -0.001 -20"><span class='ocrx_word' id='word_1_222' title='bbox 185 2466 329 2525; x_wconf 89' lang='lat' dir='ltr'><strong>dum</strong></span> <span class='ocrx_word' id='word_1_223' title='bbox 370 2465 455 2524; x_wconf 92' lang='lat' dir='ltr'><strong>illi</strong></span> <span class='ocrx_word' id='word_1_224' title='bbox 503 2464 607 2544; x_wconf 84' lang='lat' dir='ltr'><strong>ipfi</strong></span> <span class='ocrx_word' id='word_1_225' title='bbox 638 2466 932 2526; x_wconf 61' lang='lat' dir='ltr'><strong>actualiter</strong></span> <span class='ocrx_word' id='word_1_226' title='bbox 975 2462 1160 2545; x_wconf 90' lang='lat' dir='ltr'><strong>injusti</strong></span> <span class='ocrx_word' id='word_1_227' title='bbox 1190 2464 1314 2524; x_wconf 88' lang='lat' dir='ltr'><strong>fint.</strong></span> <span class='ocrx_word' id='word_1_228' title='bbox 1399 2464 1482 2523; x_wconf 88' lang='lat' dir='ltr'><strong>Et</strong></span> <span class='ocrx_word' id='word_1_229' title='bbox 1510 2463 1726 2523; x_wconf 89' lang='lat' dir='ltr'><strong>mirum</strong></span> <span class='ocrx_word' id='word_1_230' title='bbox 1762 2465 1919 2525; x_wconf 70' lang='lat' dir='ltr'><strong>certe·</strong></span> 
     </span>
     <span class='ocr_line' id='line_1_31' title="bbox 184 2542 1918 2626; baseline 0 -21"><span class='ocrx_word' id='word_1_231' title='bbox 184 2546 366 2611; x_wconf 81' lang='lat' dir='ltr'><strong>videri</strong></span> <span class='ocrx_word' id='word_1_232' title='bbox 403 2549 597 2626; x_wconf 76' lang='lat' dir='ltr'><strong>poffit,</strong></span> <span class='ocrx_word' id='word_1_233' title='bbox 643 2547 943 2626; x_wconf 74' lang='lat' dir='ltr'><strong>quomodo</strong></span> <span class='ocrx_word' id='word_1_234' title='bbox 991 2547 1164 2626; x_wconf 91' lang='lat' dir='ltr'><strong>aliqui</strong></span> <span class='ocrx_word' id='word_1_235' title='bbox 1212 2547 1327 2606; x_wconf 90' lang='lat' dir='ltr'><strong>hoc</strong></span> <span class='ocrx_word' id='word_1_236' title='bbox 1356 2560 1477 2604; x_wconf 89' lang='lat' dir='ltr'><strong>tam</strong></span> <span class='ocrx_word' id='word_1_237' title='bbox 1515 2542 1918 2605; x_wconf 79' lang='lat' dir='ltr'><strong>fundamenta-</strong></span> 
     </span>
     <span class='ocr_line' id='line_1_32' title="bbox 187 2625 1916 2707; baseline -0.001 -21"><span class='ocrx_word' id='word_1_238' title='bbox 187 2628 305 2687; x_wconf 89' lang='lat' dir='ltr'><strong>lem</strong></span> <span class='ocrx_word' id='word_1_239' title='bbox 330 2628 461 2686; x_wconf 71' lang='lat' dir='ltr'><strong>fidei</strong></span> <span class='ocrx_word' id='word_1_240' title='bbox 501 2628 612 2686; x_wconf 76' lang='lat' dir='ltr'><strong>suae</strong></span> <span class='ocrx_word' id='word_1_241' title='bbox 634 2627 939 2688; x_wconf 87' lang='lat' dir='ltr'><strong>articulum</strong></span> <span class='ocrx_word' id='word_1_242' title='bbox 962 2627 1218 2698; x_wconf 85' lang='lat' dir='ltr'><strong>fecerint,</strong></span> <span class='ocrx_word' id='word_1_243' title='bbox 1245 2626 1402 2707; x_wconf 91' lang='lat' dir='ltr'><strong>quod</strong></span> <span class='ocrx_word' id='word_1_244' title='bbox 1429 2625 1689 2685; x_wconf 87' lang='lat' dir='ltr'><strong>universo</strong></span> <span class='ocrx_word' id='word_1_245' title='bbox 1717 2626 1916 2686; x_wconf 78' lang='lat' dir='ltr'><strong>Evan-</strong></span> 
     </span>
     <span class='ocr_line' id='line_1_33' title="bbox 187 2707 1917 2790; baseline -0.001 -23"><span class='ocrx_word' id='word_1_246' title='bbox 187 2708 345 2788; x_wconf 87' lang='lat' dir='ltr'><strong>gelio</strong></span> <span class='ocrx_word' id='word_1_247' title='bbox 364 2710 426 2768; x_wconf 85' lang='lat'>&amp;</span> <span class='ocrx_word' id='word_1_248' title='bbox 456 2709 749 2768; x_wconf 90' lang='lat' dir='ltr'><strong>communi</strong></span> <span class='ocrx_word' id='word_1_249' title='bbox 771 2709 922 2790; x_wconf 89' lang='lat' dir='ltr'><strong>stylo</strong></span> <span class='ocrx_word' id='word_1_250' title='bbox 944 2710 1085 2770; x_wconf 86' lang='lat' dir='ltr'><strong>adeo</strong></span> <span class='ocrx_word' id='word_1_251' title='bbox 1103 2708 1455 2771; x_wconf 89' lang='lat' dir='ltr'><strong>contrarium</strong></span> <span class='ocrx_word' id='word_1_252' title='bbox 1476 2707 1676 2777; x_wconf 88' lang='lat' dir='ltr'><strong>est‚cui</strong></span> <span class='ocrx_word' id='word_1_253' title='bbox 1698 2707 1917 2768; x_wconf 82' lang='lat' dir='ltr'><strong>Christ-</strong></span> 
     </span>
     <span class='ocr_line' id='line_1_34' title="bbox 188 2785 1917 2870; baseline 0.001 -23"><span class='ocrx_word' id='word_1_254' title='bbox 188 2811 253 2847; x_wconf 88' lang='lat' dir='ltr'><strong>us</strong></span> <span class='ocrx_word' id='word_1_255' title='bbox 288 2790 344 2848; x_wconf 92' lang='lat' dir='ltr'><strong>in</strong></span> <span class='ocrx_word' id='word_1_256' title='bbox 384 2790 537 2848; x_wconf 71' lang='lat' dir='ltr'><strong>null-21</strong></span> <span class='ocrx_word' id='word_1_257' title='bbox 582 2790 749 2870; x_wconf 88' lang='lat' dir='ltr'><strong>ipfius</strong></span> <span class='ocrx_word' id='word_1_258' title='bbox 777 2790 1208 2870; x_wconf 69' lang='lat' dir='ltr'><strong>praedicatione,</strong></span> <span class='ocrx_word' id='word_1_259' title='bbox 1253 2805 1352 2848; x_wconf 89' lang='lat' dir='ltr'><strong>aut</strong></span> <span class='ocrx_word' id='word_1_260' title='bbox 1391 2785 1656 2868; x_wconf 77' lang='lat' dir='ltr'><strong>gratiosis</strong></span> <span class='ocrx_word' id='word_1_261' title='bbox 1697 2789 1917 2849; x_wconf 89' lang='lat' dir='ltr'><strong>sermo·-</strong></span> 
     </span>
     <span class='ocr_line' id='line_1_35' title="bbox 189 2869 1917 2951; baseline 0.001 -23"><span class='ocrx_word' id='word_1_262' title='bbox 189 2871 377 2942; x_wconf 85' lang='lat' dir='ltr'><strong>nibus,</strong></span> <span class='ocrx_word' id='word_1_263' title='bbox 438 2891 691 2951; x_wconf 88' lang='lat' dir='ltr'><strong>unquam</strong></span> <span class='ocrx_word' id='word_1_264' title='bbox 739 2871 928 2931; x_wconf 86' lang='lat' dir='ltr'><strong>voluit</strong></span> <span class='ocrx_word' id='word_1_265' title='bbox 967 2872 1226 2931; x_wconf 88' lang='lat' dir='ltr'><strong>homines</strong></span> <span class='ocrx_word' id='word_1_266' title='bbox 1267 2870 1445 2940; x_wconf 86' lang='lat' dir='ltr'><strong>inniti,</strong></span> <span class='ocrx_word' id='word_1_267' title='bbox 1505 2869 1727 2950; x_wconf 89' lang='lat' dir='ltr'><strong>semper</strong></span> <span class='ocrx_word' id='word_1_268' title='bbox 1765 2872 1917 2929; x_wconf 87' lang='lat' dir='ltr'><strong>bona</strong></span> 
     </span>
     <span class='ocr_line' id='line_1_36' title="bbox 190 2949 1915 3033; baseline -0.001 -24"><span class='ocrx_word' id='word_1_269' title='bbox 190 2971 368 3029; x_wconf 83' lang='lat' dir='ltr'><strong>opera</strong></span> <span class='ocrx_word' id='word_1_270' title='bbox 405 2952 481 3009; x_wconf 88' lang='lat' dir='ltr'><strong>eis</strong></span> <span class='ocrx_word' id='word_1_271' title='bbox 522 2952 949 3023; x_wconf 70' lang='lat' dir='ltr'><strong>commendam,</strong></span> <span class='ocrx_word' id='word_1_272' title='bbox 995 2951 1151 3033; x_wconf 79' lang='lat' dir='ltr'><strong>quali</strong></span> <span class='ocrx_word' id='word_1_273' title='bbox 1194 2952 1564 3010; x_wconf 85' lang='lat' dir='ltr'><strong>instrumenta</strong></span> <span class='ocrx_word' id='word_1_274' title='bbox 1590 2949 1915 3028; x_wconf 87' lang='lat' dir='ltr'><strong>justificati-</strong></span> 
     </span>
     <span class='ocr_line' id='line_1_37' title="bbox 194 3032 1916 3113; baseline -0.002 -24"><span class='ocrx_word' id='word_1_275' title='bbox 194 3032 316 3090; x_wconf 86' lang='lat' dir='ltr'><strong>onis</strong></span> <span class='ocrx_word' id='word_1_276' title='bbox 340 3057 356 3098; x_wconf 87' lang='lat'>;</span> <span class='ocrx_word' id='word_1_277' title='bbox 407 3033 467 3090; x_wconf 85' lang='lat'>&amp;</span> <span class='ocrx_word' id='word_1_278' title='bbox 496 3033 606 3092; x_wconf 85' lang='lat' dir='ltr'><strong>hoc</strong></span> <span class='ocrx_word' id='word_1_279' title='bbox 630 3033 812 3113; x_wconf 83' lang='lat' dir='ltr'><strong>magis</strong></span> <span class='ocrx_word' id='word_1_280' title='bbox 835 3033 1048 3093; x_wconf 91' lang='lat' dir='ltr'><strong>mirum</strong></span> <span class='ocrx_word' id='word_1_281' title='bbox 1086 3032 1188 3102; x_wconf 89' lang='lat' dir='ltr'><strong>est,</strong></span> <span class='ocrx_word' id='word_1_282' title='bbox 1212 3033 1541 3092; x_wconf 90' lang='lat' dir='ltr'><strong>sententiam</strong></span> <span class='ocrx_word' id='word_1_283' title='bbox 1570 3032 1751 3102; x_wconf 84' lang='lat' dir='ltr'><strong>illam,</strong></span> <span class='ocrx_word' id='word_1_284' title='bbox 1782 3047 1916 3108; x_wconf 83' lang='lat' dir='ltr'><strong>quae</strong></span> 
     </span>
     <span class='ocr_line' id='line_1_38' title="bbox 191 3107 1916 3192; baseline -0.002 -22"><span class='ocrx_word' id='word_1_285' title='bbox 191 3112 320 3170; x_wconf 67' lang='lat' dir='ltr'><strong>tam</strong></span> <span class='ocrx_word' id='word_1_286' title='bbox 359 3111 683 3191; x_wconf 87' lang='lat' dir='ltr'><strong>frequenter</strong></span> <span class='ocrx_word' id='word_1_287' title='bbox 729 3115 786 3173; x_wconf 87' lang='lat' dir='ltr'><strong>in</strong></span> <span class='ocrx_word' id='word_1_288' title='bbox 820 3115 1012 3174; x_wconf 88' lang='lat' dir='ltr'><strong>oribus</strong></span> <span class='ocrx_word' id='word_1_289' title='bbox 1054 3134 1256 3173; x_wconf 91' lang='lat' dir='ltr'><strong>eorum</strong></span> <span class='ocrx_word' id='word_1_290' title='bbox 1298 3113 1400 3183; x_wconf 90' lang='lat' dir='ltr'><strong>est,</strong></span> <span class='ocrx_word' id='word_1_291' title='bbox 1458 3115 1518 3172; x_wconf 88' lang='lat'>&amp;</span> <span class='ocrx_word' id='word_1_292' title='bbox 1561 3130 1732 3192; x_wconf 88' lang='lat' dir='ltr'><strong>quam</strong></span> <span class='ocrx_word' id='word_1_293' title='bbox 1769 3107 1916 3168; x_wconf 70' lang='lat' dir='ltr'><strong>adeo</strong></span> 
     </span>
     <span class='ocr_line' id='line_1_39' title="bbox 192 3189 1911 3274; baseline -0.002 -24"><span class='ocrx_word' id='word_1_294' title='bbox 192 3192 407 3269; x_wconf 69' lang='lat' dir='ltr'><strong>assidue</strong></span> <span class='ocrx_word' id='word_1_295' title='bbox 447 3193 508 3250; x_wconf 86' lang='lat'>&amp;</span> <span class='ocrx_word' id='word_1_296' title='bbox 536 3194 837 3273; x_wconf 83' lang='lat' dir='ltr'><strong>diligenter</strong></span> <span class='ocrx_word' id='word_1_297' title='bbox 869 3211 1099 3273; x_wconf 90' lang='lat' dir='ltr'><strong>urgent,</strong></span> <span class='ocrx_word' id='word_1_298' title='bbox 1132 3194 1287 3274; x_wconf 88' lang='lat' dir='ltr'><strong>quafi</strong></span> <span class='ocrx_word' id='word_1_299' title='bbox 1328 3193 1484 3255; x_wconf 82' lang='lat' dir='ltr'><strong>basln</strong></span> <span class='ocrx_word' id='word_1_300' title='bbox 1523 3192 1743 3252; x_wconf 86' lang='lat' dir='ltr'><strong>fidei&amp;</strong></span> <span class='ocrx_word' id='word_1_301' title='bbox 1768 3189 1911 3268; x_wconf 89' lang='lat' dir='ltr'><strong>spei,</strong></span> 
     </span>
     <span class='ocr_line' id='line_1_40' title="bbox 190 3271 1909 3360; baseline -0.001 -30"><span class='ocrx_word' id='word_1_302' title='bbox 190 3272 479 3347; x_wconf 78' lang='lat' dir='ltr'><strong>videlieet,</strong></span> <span class='ocrx_word' id='word_1_303' title='bbox 522 3277 896 3352; x_wconf 79' lang='lat' dir='ltr'><strong>imputativam</strong></span> <span class='ocrx_word' id='word_1_304' title='bbox 925 3276 1123 3355; x_wconf 79' lang='lat' dir='ltr'><strong>Chrzsti</strong></span> <span class='ocrx_word' id='word_1_305' title='bbox 1154 3276 1438 3358; x_wconf 83' lang='lat' dir='ltr'><strong>justit-iam,</strong></span> <span class='ocrx_word' id='word_1_306' title='bbox 1487 3273 1546 3337; x_wconf 88' lang='lat' dir='ltr'><strong>in</strong></span> <span class='ocrx_word' id='word_1_307' title='bbox 1584 3271 1750 3336; x_wconf 81' lang='lat' dir='ltr'><strong>sacris</strong></span> <span class='ocrx_word' id='word_1_308' title='bbox 1778 3271 1909 3360; x_wconf 75' lang='lat' dir='ltr'><strong>lite-</strong></span> 
     </span>
    </p>

    <p class='ocr_par' dir='ltr' id='par_1_3' title="bbox 1833 3369 1916 3412">
     <span class='ocr_line' id='line_1_41' title="bbox 1833 3369 1916 3412; baseline 0.012 -1"><span class='ocrx_word' id='word_1_309' title='bbox 1833 3369 1916 3412; x_wconf 66' lang='lat' dir='ltr'><strong>ru</strong></span> 
     </span>
    </p>
   </div>
  </div>
 </body>
</html>
