2086 3640
223 83 421 166 THE
441 101 478 158 s
499 84 610 158 Es
674 96 879 159 THE
900 99 951 158 o
978 77 1033 160 L
1055 99 1104 157 o
1131 100 1180 158 G
1203 97 1299 162 Ic
1319 99 1422 157 AE.
1658 101 1779 161 xix.

63 198 161 280 qui
193 196 377 277 prima
400 197 460 253 δε
479 192 775 255 communi
795 194 982 273 gratia
1008 195 1149 255 bene
1177 194 1257 254 usi
1288 196 1414 255 sunt
1438 216 1452 253 z
1522 194 1653 261 hinc
1680 198 1786 261 eti-

63 299 157 339 am
178 278 383 341 diserte
401 275 667 356 sequitur,
713 276 872 354 quod
898 274 1039 334 ficut
1067 297 1137 335 ex
1158 277 1401 355 antiquis
1427 276 1787 358 Philosophis

41 359 239 439 ¹aliqui
259 359 439 418 vitam
461 373 737 416 aeternam
761 356 1089 436 consequuti
1112 357 1235 434 snit,
1284 357 1362 417 ita
1401 359 1461 416 &
1483 379 1631 419 nunc
1660 357 1790 438 pos-

19 466 24 470 ·
64 440 173 500 fint
193 439 421 521 quidam
444 442 610 518 (quos
631 436 942 496 nativitatis
959 437 1072 495 sors
1086 439 1270 517 posuit
1285 439 1341 497 in
1366 441 1599 499 remotis
1621 461 1789 500 mun-

64 521 124 579 di
146 521 427 601 partibUS,
473 518 572 580 ubi
601 517 850 578 historiae
867 518 1125 596 cognitio
1148 518 1324 598 deest)
1354 521 1660 601 participes
1718 522 1791 580 fi-

64 601 146 665 eri
166 599 630 679 divinimysterii,
678 598 718 656 fi
758 598 1006 678 gratiam
1051 599 1214 657 illam
1255 605 1397 682 cujus
1446 603 1794 682 manifestatio

65 685 342 761 unicuique
361 683 525 742 datur
540 681 615 740 ad
637 680 936 750 utilitatem,
1005 680 1310 760 recipiant:
1376 686 1488 761 qua
1528 683 1793 743 doctrina

69 763 373 822 certiffimfi
391 764 635 842 recepta,
663 761 891 841 nemp6‚
925 761 1419 841 Evangelicum&
1442 765 1796 828 salutiferum

71 843 263 905 lumen
293 844 355 902 ὅτ
391 846 638 923 gratiam
668 843 935 904 omnibus
963 843 1150 913 ineffe,
1196 844 1582 905 universalitas
1631 867 1796 911 amo-

71 925 146 982 ris
167 925 227 982 &
258 925 654 987 misericordiae
672 925 883 984 divinae
905 946 1043 1006 erga
1060 945 1237 1004 genus
1260 925 1578 989 humanum
1635 930 1798 1000 (cum

68 1005 126 1065 in
146 1023 333 1065 morte
372 1006 477 1064 filii
498 1005 615 1083 ejus
643 1003 831 1069 dilecti
853 1005 1092 1067 Domini
1135 1007 1263 1086 Jesu
1310 1007 1542 1079 Christi,
1587 1012 1716 1067 tum
1741 1009 1801 1071 in

69 1086 521 1155 manifestatione
545 1088 683 1147 lucis
706 1087 822 1167 ejus
845 1088 901 1147 in
924 1088 1216 1167 cordibus>
1246 1089 1551 1162 stabilitur,
1579 1089 1640 1147 δε
1662 1110 1802 1149 con-

71 1167 341 1232 firmatur
362 1185 561 1228 contra
581 1190 778 1230 omnes
795 1168 1139 1249 objectiones
1161 1171 1587 1250 denegantium.
1633 1171 1805 1230 Chri-

69 1249 184 1312 stus
230 1251 408 1331 igitur
430 1270 538 1331 pro
561 1251 824 1321 omnibus
866 1267 1116 1312 mortem
1158 1251 1431 1332 gustavit,
1477 1273 1594 1313 non
1615 1253 1802 1328 solum

69 1350 182 1410 pro
199 1332 504 1410 generibus
524 1333 882 1413 singulorum
906 1337 996 1409 (ut
1024 1333 1259 1424 quidam
1283 1333 1570 1414 garriunt)
1618 1333 1715 1393 sed
1742 1355 1804 1392 e-

0 1413 2 1415 '
68 1427 210 1472 tiam
231 1433 342 1492 pro
364 1414 595 1494 singulis
616 1434 893 1494 generum
921 1438 937 1480 ;
970 1435 1127 1491 cnjus
1146 1415 1456 1478 oblationis
1472 1414 1531 1473 δε
1547 1416 1806 1477 νίἃίιῃεε

73 1494 422 1556 beneficium
444 1496 792 1567 extenditur,
838 1516 955 1556 non
977 1495 1161 1555 solum
1183 1498 1256 1557 ad
1276 1517 1392 1568 eOS,
1437 1497 1537 1577 qui
1573 1496 1806 1558 distinc-

76 1589 201 1634 tam
231 1592 526 1638 externam
556 1578 759 1639 mortis
789 1578 1162 1658 paffionisque
1185 1580 1300 1660 ejus
1318 1579 1533 1640 habent
1561 1581 1810 1658 cogniti«

71 1675 269 1729 onem,
318 1657 461 1730 ficut
478 1681 542 1718 ea
563 1660 621 1718 in
641 1660 948 1740 Scripturis
967 1658 1252 1719 declarata
1271 1661 1372 1731 est,
1439 1660 1532 1719 sed
1563 1662 1634 1718 ad
1672 1662 1806 1720 illos

71 1740 268 1810 etiam,
317 1741 415 1818 qui
433 1743 507 1801 ab
530 1740 693 1823 hujus
723 1741 1065 1821 cognitionis
1088 1741 1391 1813 beneficiO,
1454 1743 1576 1801 casu
1609 1742 1809 1821 aliquo

72 1820 410 1892 inevitabili,
435 1821 739 1884 neceffario
760 1823 1138 1883 excluduntur
1162 1844 1174 1879 ε
1208 1843 1380 1900 quam
1413 1823 1805 1904 cognitionem

75 1905 324 1964 libenter
347 1903 711 1962 concedimus
739 1903 845 1967 effe
868 1903 1176 1982 perutilem
1201 1905 1263 1961 ὅτ
1291 1904 1802 1976 consolabundam,

75 1985 170 2046 sed
211 2005 327 2044 non
368 1984 625 2043 absolute
667 1984 1028 2043 necessariam
1058 1983 1188 2054 illis,
1262 1984 1468 2064 quibus
1497 1986 1612 2065 ipse
1650 1986 1807 2047 Deus

75 2087 204 2128 eam
230 2065 642 2145 impoffibilem
659 2064 795 2125 fecit
818 2086 831 2123 ε
875 2065 1017 2125 tales
1037 2066 1189 2126 enim
1212 2065 1516 2147 participes
1536 2069 1685 2127 fiunt
1707 2070 1808 2128 be-

76 2147 269 2220 neficii
297 2147 552 2228 mysterii
570 2146 773 2207 mortis
788 2145 905 2226 ejus
933 2147 1092 2225 (licet
1123 2147 1370 2207 historiae
1392 2148 1604 2229 ignari)
1627 2149 1668 2208 si
1682 2151 1805 2228 scil.

78 2220 688 2309 obtempermtfhmini
706 2230 775 2291 ἐῢ)
799 2223 989 2289 ῖιιήιὶηἰ
1005 2232 1132 2311 ejus,
1163 2228 1397 2290 illucenti
1418 2231 1654 2293 cordibus
1666 2234 1804 2310 fisi-v,

79 2317 137 2376 in
157 2334 254 2393 quo
275 2311 471 2373 lumine
489 2314 769 2381 communio
784 2312 1011 2372 habetur
1027 2333 1140 2372 cum
1161 2313 1338 2372 Patre
1357 2314 1425 2374 {9³
1445 2313 1601 2386 Filio,
1646 2314 1724 2374 ita
1742 2330 1809 2374 ut

80 2417 153 2455 ex
173 2392 364 2475 impiis
383 2392 557 2453 sancti
579 2393 745 2462 fiant,
791 2393 1159 2454 &amatores
1181 2394 1642 2473 potentiaeilliUS,
1707 2417 1803 2455 cu-

69 2475 164 2561 jus
181 2476 494 2536 internis&
532 2474 753 2534 secretis
774 2474 989 2535 viribus
1022 2476 1084 2534 δε
1117 2477 1477 2536 contactibus
1504 2475 1556 2534 se
1584 2477 1613 2533 ὲ
1648 2477 1809 2536 malo

80 2559 155 2620 ad
204 2561 423 2621 bonum
446 2555 707 2615 converti
736 2555 1002 2626 sentiunt,
1046 2556 1109 2615 &
1145 2556 1364 2628 doceri,
1410 2556 1548 2637 quod
1552 2559 1663 2634 fibi
1674 2559 1809 2633 fieri

79 2640 286 2709 nolunt,
333 2639 494 2698 alteri
529 2659 629 2697 non
664 2639 872 2718 facere,
917 2637 973 2696 in
996 2638 1200 2717 quibus
1223 2637 1338 2717 ipse
1368 2637 1620 2697 Christus
1649 2640 1808 2699 affir-

34 2771 37 2775 Α
67 2737 207 2783 ‘mat
233 2721 428 2782 omnia
450 2717 680 2778 includi.
762 2719 922 2779 Sicut
942 2719 1120 2799 igitur
1140 2718 1281 2778 falso
1325 2718 1386 2776 &
1414 2719 1680 2779 haeretice
1703 2721 1809 2783 do·
1852 2796 1855 2798 ¹

83 2818 343 2871 cuerunt,
388 2799 487 2880 qui
517 2798 808 2859 Christum
851 2820 961 2879 pro
990 2801 1258 2860 omnibus
1307 2815 1605 2860 mortuum
1648 2802 1808 2865 fuiffe

83 2882 484 2963 denegarunt3
528 2880 608 2941 ita
627 2901 730 2939 nec
757 2880 884 2940 satis
921 2881 1146 2961 abunde
1165 2881 1466 2942 veritatem
1503 2885 1806 2943 annuncia-

88 2980 245 3035 runt,
290 2963 411 3043 qui,
462 2962 813 3021 affirmantes
831 2961 1124 3021 Christum
1148 2982 1258 3042 pro
1295 2964 1560 3023 omnibus
1583 2982 1807 3025 mortu·

85 3066 189 3106 um
209 3044 389 3115 fuiss'e,
435 3042 756 3103 absolutam
777 3058 1026 3103 externae
1067 3043 1314 3104 historiae
1341 3044 1682 3123 cognitionis
1709 3068 1810 3107 ne-

86 3129 403 3187 ceffitatem
424 3123 779 3194 addiderunt,
810 3124 885 3184 ad
902 3124 1298 3204 affequendum
1315 3124 1667 3186 salutiferum
1689 3127 1808 3208 ejus

89 3208 380 3267 effectum.
450 3207 606 3265 Inter
633 3226 773 3285 quos
797 3205 1085 3285 praecipue
1108 3206 1572 3267 Remonstrantes
1590 3209 1811 3289 Belgici

0 3311 5 3316 ’
46 3304 48 3306 “
89 3288 347 3359 fuerunt,
392 3287 453 3351 δε
474 3288 573 3350 alii
593 3287 913 3371 complures
931 3286 1259 3348 universalis
1286 3288 1691 3368 redemptionis
1727 3292 1812 3351 af-

99 3370 422 3435 firmatores
456 3395 475 3440 3
517 3370 586 3431 eo
608 3368 771 3454 quod
794 3387 908 3431 non
950 3367 1257 3448 posuerunt
1284 3369 1472 3433 salutis
1502 3369 1664 3510 hujlus
1707 3393 1806 3432 ex-

1481 3467 1581 3524 fen
1608 3471 1804 3516 ionem
