2086 3640
290 70 407 132 150
504 58 861 123 THESIS
904 62 1313 145 ,ᾖσι-ΝΜ
1345 65 1417 129 ce
1458 65 1800 128 SEXTA

281 191 474 256 preces
502 169 620 247 ejus
650 166 941 228 exauditas
968 166 1095 237 effe,
1140 183 1445 245 antequam
1473 180 1768 228 externam
1797 164 2007 229 Christi

283 250 676 329 cognitionem
725 245 1006 307 habuerit.
1092 247 1400 316 Praeterea,
1472 267 1659 307 nonne
1719 248 1840 326 Job
1885 265 2011 310 erat

281 334 377 404 vir
413 333 698 411 perfeHus,
745 329 814 390 ἑά
842 336 1014 389 reHus
1043 354 1063 395 ·‚
1122 330 1309 390 timens
1353 328 1530 391 Deum
1577 327 1648 390 {9⁹
1694 328 1928 390 recedens
1970 332 2009 388 ἂ

283 409 422 472 malo
452 411 482 468 ,Ρ
555 410 702 494 Qis
756 410 881 470 haec
923 411 1145 488 Jobum
1189 410 1439 479 edocuit,
1502 408 1805 509 quomodo
1852 409 2012 469 Adae

282 492 507 572 lapsum
548 491 844 571 cognovit,
889 491 951 550 &
996 512 1068 553 ex
1113 492 1223 571 qua
1263 491 1554 571 Scriptura
1599 488 1787 550 haufit
1823 489 2012 549 excel-

283 572 498 634 lentem
524 573 709 642 illam,
756 593 930 653 quam
968 572 1239 644 habebat,
1283 571 1575 634 scientiam
1601 571 1664 631 &
1692 571 1871 631 fidem
1899 569 2017 649 qua

281 653 514 714 dicebat
555 653 609 715 se
644 653 805 724 scire,
871 652 1295 735 redemptorem
1342 654 1507 713 suum
1541 652 1785 713 vivere?
1850 654 2013 727 (nam

283 734 545 814 plerique
581 755 713 794 eum
761 734 960 816 Moyfi
1007 756 1270 796 coaevum
1321 733 1583 812 faciunt.)
1664 733 1880 795 Nonne
1908 731 2016 791 hac

284 815 504 877 interna
545 815 731 895 gratia
788 816 844 875 in
905 814 1079 876 corde
1119 816 1287 893 ejus?
1361 815 1579 874 Nonne
1622 813 1843 875 interna
1890 813 2018 873 haec

285 897 476 977 gratia
516 896 715 956 docuit
756 898 977 976 Jobum
1019 897 1049 955 ὲ
1103 899 1262 957 malo
1301 895 1560 956 recedere
1595 895 1656 955 δι
1705 895 1898 954 Deum
1947 893 2019 953 ti-

286 998 467 1049 mere,
531 981 595 1039 δε
640 999 827 1038 nonne
876 980 1308 1057 operationibus
1352 975 1469 1056 ejus
1523 974 1707 1038 faetus
1758 975 1840 1034 est
1888 994 2020 1055 per-

286 1059 464 1121 feftus
505 1059 567 1118 &
616 1060 852 1123 rectus?
898 1061 1225 1142 Qomodo
1252 1058 1525 1141 coarguit
1571 1056 1873 1118 hominum
1913 1054 2020 1115 ini-

285 1141 550 1222 quitates,
597 1160 722 1220 cap.
771 1140 927 1201 xxiv.
971 1142 1033 1200 &
1060 1142 1369 1222 postquam
1407 1138 1619 1201 multas
1652 1136 2020 1208 numerasset,

286 1240 479 1281 nonne
520 1222 869 1282 condemnat
907 1243 1024 1293 e05,
1067 1223 1209 1282 vers.
1269 1242 1360 1300 13.
1422 1221 1591 1303 de
1630 1232 1816 1281 contra
1855 1217 2024 1278 lucem

288 1301 427 1361 hanc
462 1302 732 1372 rebellent,
799 1324 900 1363 non
948 1305 1263 1385 agnoscentes
1309 1305 1433 1364 vias
1480 1305 1608 1384 ejus,
1672 1321 1764 1362 nec
1786 1300 2022 1379 sedentes

189 1397 195 1401 ·
289 1385 346 1442 in
371 1384 571 1462 semitis
610 1386 714 1464 ejus
736 1383 766 1441 ?
812 1386 1084 1464 Apparet
1124 1387 1348 1463 Jobum
1387 1383 1699 1454 credidisse,
1742 1380 1902 1461 quod
1922 1381 2023 1440 ha-

292 1462 481 1523 buerit
529 1465 707 1523 homo
757 1463 970 1535 lucem,
1035 1467 1098 1524 &
1134 1465 1233 1545 qui
1293 1480 1496 1525 contra
1538 1485 1668 1524 eam
1718 1461 2022 1532 rebellant,

290 1543 420 1603 ideo
468 1563 585 1604 non
655 1544 1013 1623 cognoscere*
1042 1547 1163 1603 vias
1210 1545 1347 1624 ejuS,
1412 1564 1518 1605 nec
1563 1544 1621 1605 in
1653 1542 1862 1603 semitis
1906 1541 2026 1622 ejus

286 1624 498 1695 sedere,
546 1624 689 1685 ficut
738 1624 1030 1695 Pharisaei,
1077 1626 1178 1705 qui
1216 1627 1506 1686 habebant
1552 1624 1897 1704 ScripturaS,
1941 1623 2029 1682 di-

289 1721 503 1766 cuntur
552 1725 739 1765 errare
789 1726 905 1766 non
946 1705 1176 1766 scientes
1224 1705 1567 1787 Scripturas,
1653 1703 1756 1766 Ad
1802 1705 1927 1767 haec
1963 1726 2027 1765 a·

291 1786 429 1848 mici
471 1786 616 1866 Jobi
658 1786 793 1847 licet
835 1788 889 1848 in
934 1787 1273 1867 quibusdam
1306 1787 1642 1859 erraverint,
1685 1785 1810 1867 quis
1831 1802 2026 1846 tamen

290 1867 522 1927 edocuit
570 1866 706 1927 illos
755 1868 1090 1931 excellentia
1131 1867 1326 1928 omnia
1382 1890 1449 1929 ea
1493 1868 1666 1939 dicta,
1714 1866 1776 1926 &
1808 1862 2027 1927 scienti-

291 1969 390 2009 am
446 1967 620 2028 quam
665 1948 960 2008 habuere?
1030 1948 1246 2008 Nonne
1302 1949 1378 2008 ad
1434 1950 1674 2010 salutem
1710 1948 1867 2008 dedit
1913 1947 2028 2007 illis

293 2029 470 2097 Deu8,
516 2029 609 2087 vel
657 2028 842 2088 solum
891 2029 966 2089 ad
1019 2029 1373 2089 damnandos
1420 2029 1603 2090 illos?
1650 2028 1798 2111 Qis
1826 2027 2026 2089 docuit

241 2176 243 2179 ,
294 2109 492 2179 Elim,
538 2109 965 2187 inspirationem
1009 2110 1425 2189 omnipotentis
1473 2110 1612 2170 dare
1656 2108 2025 2188 intelligenti-

292 2211 413 2260 am,
484 2211 551 2248 ac
605 2190 884 2270 Spiritum
930 2191 1039 2252 Dei
1074 2191 1257 2250 feciffe
1302 2191 1489 2261 illurn,
1562 2192 1622 2251 δι
1680 2189 2026 2270 spiraculum

293 2269 705 2353 omnipotentis
753 2271 1062 2331 vivificasse
1090 2271 1308 2332 illum?
1378 2274 1533 2332 Cum
1582 2271 1868 2334 Dominus
1914 2290 2027 2351 pro

291 2352 403 2415 illis
450 2351 671 2431 accepit
724 2353 1088 2424 sacrificium,
1196 2352 1276 2413 uis
1317 2353 1486 2413 audet
1525 2354 1816 2413 affirmare
1862 2352 2029 2411 dam-

294 2449 457 2494 natos
504 2432 714 2495 fuisse?
759 2433 872 2493 Sed
919 2433 1119 2494 deinde
1154 2373 1383 2494 cl³aulus
1431 2434 1750 2515 Apostolus
1795 2434 1907 2493 hoc
1927 2453 2028 2493 ex·

293 2530 384 2575 tra
422 2514 874 2574 controverfiam
922 2514 1110 2595 ponit,
1180 2535 1338 2586 nam,
1405 2515 1446 2576 fi
1487 2514 1679 2576 verbis
1734 2512 1851 2594 ejus
1907 2535 2027 2574 cre-

292 2594 545 2654 dendum
589 2594 679 2666 fit,
724 2596 1000 2667 affirmat,
1045 2597 1224 2656 Rom.
1269 2595 1324 2655 ii.
1376 2612 1572 2676 gentes
1603 2617 1691 2667 ea,
1736 2616 1864 2677 quae
1889 2594 2029 2676 legis

292 2676 442 2746 sunt,
487 2676 690 2736 feciffe.
777 2676 870 2738 Ex
892 2697 1009 2756 quo
1041 2676 1222 2757 igitur
1243 2676 1320 2737 fic
1346 2694 1762 2759 argumentor:
1807 2677 1872 2736 In
1902 2696 2033 2736 om·

292 2757 351 2818 ni
395 2772 586 2837 gente,
631 2756 730 2838 qui
772 2758 940 2819 timet
977 2758 1169 2820 Deum
1203 2757 1265 2818 &
1292 2775 1567 2839 operatur
1597 2757 1902 2838 justitiam,
1934 2776 2031 2819 ac-

294 2855 490 2920 ceptus
530 2839 644 2900 est:
703 2838 814 2898 Sed
853 2860 926 2898 ex
1007 2839 1228 2900 entibus
1277 2839 1448 2899 multi
1497 2840 1781 2902 timebant
1809 2839 2022 2909 Deum,

293 2920 357 2979 δε
413 2920 639 3001 operati
697 2917 825 2980 sunt
882 2918 949 2998 ju
1002 2921 1164 2980 itiam
1185 2945 1204 2979 .-
1267 2921 1435 3001 Ergo
1492 2921 1713 3004 accepti
1775 2920 2023 2980 fuerunt.

294 3000 502 3063 Minor
563 3021 635 3061 ex
677 3001 946 3081 exemplo
969 3000 1247 3062 'Cornelii
1293 3004 1593 3081 probatur.
1676 3000 1787 3062 Sed
1839 2998 2027 3059 adhuc

293 3082 564 3170 probabo
613 3081 724 3142 hoc
773 3082 996 3142 modo:
1041 3082 1189 3165 Qi,
1232 3103 1362 3162 quae
1407 3083 1550 3163 legis
1581 3082 1727 3153 sunt,
1770 3080 1863 3138 vel
1892 3100 2026 3158 quae

293 3179 352 3219 in
419 3160 548 3239 lege
594 3161 742 3231 sunt,
807 3162 965 3233 facit,
1029 3163 1077 3222 is
1125 3163 1293 3224 timet
1337 3162 1552 3232 Deum,
1621 3162 1688 3220 δι’
1750 3177 2026 3239 operatur

274 3237 602 3320 justitiam:
663 3241 775 3303 Sed
814 3243 1076 3322 gentile3‚
1119 3265 1250 3325 quae
1290 3244 1348 3302 in
1384 3243 1510 3324 lege
1536 3241 1685 3314 sunt,
1728 3239 1983 3382 fecessnt
2001 3260 2021 3299 ε

1912 3340 2023 3404 rgo
