2086 3640
239 94 366 151 410
406 71 866 135 'THESJS
924 68 1399 130 DECIMA
1453 67 1892 135 TERTIA.

237 180 541 241 ceffarium
578 179 665 250 iis,
712 176 812 257 qui
862 178 1086 236 mortui
1125 174 1189 246 ὅτ,
1234 195 1369 236 cum
1415 175 1646 238 Christo
1694 180 1983 241 resurrex-

238 277 433 332 erunt,
477 260 613 340 quia
642 258 832 319 solum
861 259 1067 337 umbrae
1106 273 1313 324 erant3
1359 257 1442 328 ὅτ,
1487 278 1592 339 per
1621 275 1806 321 totam
1828 262 1977 323 hanc

234 341 310 410 ad
358 343 656 404 Hebraeos
704 338 1030 420 epistolam,
1073 338 1324 419 disputat
1363 359 1498 399 cum
1548 340 1784 418 JudaeiS‚
1827 358 1895 403 ut
1940 342 1977 401 Ξι

232 424 394 484 cultu
438 441 643 482 eorum
682 430 778 481 eos
826 420 1103 493 abducat,
1147 419 1248 501 qui
1282 435 1407 480 erat
1440 422 1779 502 figurativus·
1805 424 1867 482 δε
1893 437 1974 505 ty-

137 561 139 566 ,
219 508 390 584 picus.
480 505 582 563 An
624 501 815 563 fuiffet
851 501 1031 585 igitur
1071 503 1219 562 sanae
1253 502 1461 563 rationi
1502 505 1972 577 consentaneum,

229 605 327 646 eos
371 584 448 645 ad
488 583 660 647 alium
679 584 898 668 ejusdem
918 597 1136 646 nature:
1157 583 1356 644 cultum
1377 582 1706 645 adducere?
1771 589 1975 670 Qam

228 665 517 727 rationem
558 683 661 727 aut
698 687 875 749 quem
910 666 1228 746 Scripturae
1275 665 1475 726 locum
1519 665 1781 745 proferre
1844 668 1977 747 pos-

231 746 361 807 sunt
416 747 744 820 adversarii‚
788 764 854 809 ut
902 747 1190 820 evincant,
1238 768 1402 807 unam
1438 749 1685 808 umbram
1709 748 1804 810 vel
1828 751 1977 832 figu-

226 849 354 889 ram
393 829 471 890 ad
514 829 684 891 aliam
732 830 980 892 umbram
1025 843 1121 890 aut
1147 830 1388 911 figuram
1429 829 1698 908 dirigere,
1769 830 1831 890 &
1857 852 1975 891 non

227 911 308 971 ad
327 912 687 989 ficbstantiam
707 913 738 970 ἓ
781 911 842 971 δε
878 927 1071 972 tamen
1107 913 1500 989 circumeistonis
1519 914 1767 992 figuram
1806 933 1974 991 aquae

226 992 583 1071 baptismum
636 993 963 1074 fignificare
1031 993 1261 1064 volunt,
1326 992 1387 1052 &
1426 1015 1619 1075 agnum
1669 993 1980 1073 pafihalem

226 1094 439 1153 panem
482 1074 545 1132 ὅτ
602 1075 806 1135 vinum
871 1075 1144 1155 figurare:
1229 1074 1341 1134 Sed
1378 1096 1519 1135 num
1572 1094 1832 1155 unquam
1874 1095 1976 1134 au-

227 1153 422 1214 ditum
461 1154 543 1214 est
586 1155 643 1215 in
686 1156 1006 1237 Scriptura,
1052 1155 1210 1236 quod
1254 1178 1364 1216 una
1390 1157 1581 1237 figura
1628 1154 1700 1215 fit
1745 1155 1977 1217 alterius

212 1235 419 1316 figurae
485 1240 778 1318 antitypas‚
867 1239 1004 1297 cum
1054 1238 1370 1316 praesertim
1419 1237 1815 1298 Protestantes
1852 1257 1974 1300 non

229 1316 584 1397 ampliorem
629 1318 945 1379 efficaciam
985 1320 1093 1396 istis
1132 1323 1399 1400 antitypis,
1447 1319 1625 1399 quam
1667 1318 1822 1380 nudis
1840 1322 1976 1400 typis

226 1398 553 1476 affignent?
603 1401 757 1459 Cum
798 1399 979 1478 igitur
1020 1395 1235 1470 dicant,
1282 1401 1453 1479 idque
1479 1399 1637 1470 vere,
1683 1422 1746 1459 ea
1774 1401 1978 1460 Sacra-

230 1490 431 1544 menta*
454 1499 557 1538 non
603 1482 841 1560 conferre
866 1482 1130 1559 gratiam,
1176 1479 1271 1539 sed
1293 1481 1454 1560 quod
1494 1482 1597 1540 illa
1618 1480 1973 1552 conferatur,

217 1560 507 1638 secundum
541 1561 709 1633 fidem
746 1563 1062 1638 recipientis,
1109 1579 1225 1620 non
1283 1560 1616 1639 negabitur,
1660 1561 1804 1640 quin
1829 1561 1974 1621 fide-

229 1642 312 1701 ies
337 1642 487 1701 inter
525 1642 764 1722 Judaeos
804 1645 1047 1723 gratiam
1085 1639 1444 1720 recipiebant
1497 1645 1555 1701 in
1599 1643 1690 1720 uste
1717 1640 1987 1721 figurati-¹

235 1727 301 1783 vi
349 1743 532 1784 eorum
579 1722 768 1783 cultzis.
855 1723 938 1782 Et
986 1722 1120 1782 licet
1159 1722 1484 1802 glorientur
1527 1721 1823 1784 Pontificii
1871 1725 1978 1783 Sa·
2053 1753 2059 1758 ·

236 1819 512 1866 eramenta
536 1806 646 1883 fita
681 1807 922 1886 gratiam
963 1807 1199 1884 conferre
1240 1825 1303 1864 ex
1331 1821 1483 1882 opere
1521 1817 1754 1883 operato,
1802 1824 1978 1886 expe·

237 1887 441 1947 rientia
482 1901 679 1947 tamen
722 1886 1084 1946 contrarium
1126 1886 1353 1946 abunde
1396 1885 1737 1946 manifestat.

313 1969 394 2027 X.
438 1969 581 2029 San
628 1966 770 2039 est0,
819 1968 978 2046 quod
1016 1969 1134 2046 usus
1177 1989 1328 2047 aquoe
1361 1969 1625 2044 baptismi,
1701 1970 1866 2046 panis
1903 1967 1981 2031 Β

229 2051 351 2108 vini
386 2047 564 2109 fuerit
603 2052 659 2108 in
698 2048 995 2127 primitiva
1048 2048 1283 2126 calefiet,
1331 2048 1475 2107 ficut
1522 2049 1697 2109 etiam
1738 2048 1849 2109 fuit
1877 2050 1973 2111 ab·
2059 2039 2074 2110 ι’)

217 2131 482 2208 stinentia
519 2131 567 2204 ὰ
595 2129 974 2211 strangulatis,
1022 2130 1092 2192 ἐξ
1115 2131 1398 2211 sanguine,
1463 2130 1533 2191 ὅ
1571 2130 1824 2211 legalium
1862 2145 1977 2208 pu-
2064 2126 2067 2187 ξ

230 2212 588 2284 rificationum
652 2214 789 2289 usus,
858 2211 998 2271 Αᾶ.
1044 2210 1160 2272 xxi.
1209 2230 1312 2288 23,
1360 2229 1460 2284 24,
1510 2211 1607 2270 26.
1671 2211 1735 2270 δε
1800 2215 1978 2272 unitio
2058 2223 2070 2245 ‘⁴

233 2307 545 2374 aegrotorum
589 2292 717 2364 oleo,
784 2292 864 2353 ob
919 2292 1166 2352 rationes
1209 2292 1274 2350 ὅτ
1316 2291 1506 2351 causas
1547 2291 1714 2371 supra
1774 2291 1971 2353 dietas·

229 2374 433 2434 Restat
467 2371 800 2434 adversariis
858 2373 1174 2444 ostendere,
1248 2371 1552 2454 quomodo
1610 2373 1806 2453 adepti
1849 2373 1978 2435 sunt

233 2457 636 2527 authoritatem,
683 2471 749 2515 ut
777 2476 842 2516 ea
879 2454 1289 2532 administrent3
1353 2453 1386 2512 ἐι
1438 2455 1756 2535 Scripturae
1806 2453 1975 2516 liter&

228 2537 341 2597 esse
377 2557 495 2597 non
550 2537 762 2618 potest,
827 2535 1086 2616 alioquin
1131 2537 1447 2616 oportebat
1492 2557 1590 2595 eos
1641 2535 1750 2597 illis
1796 2536 1975 2598 etiarn

228 2618 338 2690 uti,
385 2618 615 2701 quibu3‚
663 2618 806 2678 ficut
845 2617 1013 2678 litera
1062 2616 1342 2688 declarat,
1427 2617 1647 2698 antiqui
1689 2615 1774 2677 ufi
1825 2617 1974 2689 sunt,

227 2699 294 2758 &
340 2720 472 2779 quae
511 2699 572 2761 in
622 2698 787 2760 litera
829 2719 947 2762 non
1004 2699 1191 2761 minus
1248 2697 1692 2772 fundamentum
1739 2698 1973 2760 habent.

233 2781 483 2857 Potestas
523 2801 668 2860 ergo
715 2782 782 2841 ah
824 2781 1086 2858 Apostolis
1134 2780 1448 2840 derivanda
1488 2781 1592 2851 est,
1657 2779 1830 2859 idque
1878 2780 1970 2842 vel

229 2861 478 2932 mediate,
539 2862 633 2921 vel
676 2862 976 2922 immediate
1011 2887 1030 2929 ;
1095 2861 1190 2922 sed
1244 2862 1510 2921 haftenus
1559 2859 1701 2921 thesi
1750 2860 2009 2922 decima

230 2942 691 3003 demonstratum
750 2943 854 3014 est,
916 2943 1202 3003 mediatam
1256 2944 1635 3004 authoritatem
1702 2962 1798 3001 eos
1854 2961 1968 3000 non

233 3023 444 3084 habere
485 3019 729 3104 propter
767 3024 1246 3103 interruptionem
1303 3025 1358 3084 in
1404 3022 1679 3105 apostafia
1721 3022 1963 3083 fastam.

234 3103 606 3164 Immediatam
646 3107 1020 3165 authoritatem
1068 3121 1168 3165 aut
1209 3105 1546 3166 mandatum
1598 3106 1809 3166 habere
1846 3119 1964 3163 non

234 3185 465 3262 possunt
508 3206 612 3265 per
649 3185 934 3267 Spiritum
973 3186 1106 3257 Dei,
1153 3200 1219 3246 ut
1237 3207 1304 3246 ea
1325 3186 1736 3254 administrent,
1781 3200 1965 3260 quum

234 3263 370 3324 tales
407 3267 736 3328 immediatas
792 3267 1140 3336 revelationes
1179 3267 1482 3329 adversarii
1521 3277 1746 3346 negent.
1795 3260 1965 3402 {cio

916 3375 919 3379 ⁴
1712 3361 1811 3423 qui
1852 3361 1966 3414 em,
