2086 3640
225 111 344 166 420
428 91 804 152 THESJS
865 87 1309 152 DECIMA
1344 81 1800 172 QUARTA

226 202 320 260 sed
351 223 454 262 nec
499 204 611 261 hoc
650 198 1070 279 subterfugium
1114 197 1401 256 huicloco
1440 196 1776 276 adaptatur,
1821 222 1959 262 nam

228 282 372 342 servi
413 283 501 342 illi
534 282 728 340 rever-31
773 279 1165 340 discernebant
1203 279 1446 349 zizania,
1491 280 1553 337 ὅτ
1585 295 1777 340 tamen
1819 303 1963 363 pro-

232 363 419 424 hibuit
474 384 568 422 eos
614 361 900 421 Dominus
943 382 1011 421 ea
1051 359 1347 440 colligere,
1396 380 1468 419 ne
1510 359 1810 422 frumento
1853 384 1959 424 no·

234 459 443 504 cerent.

313 525 416 585 III.
462 527 584 586 SED
630 537 832 583 contra
888 523 1034 583 hanc
1083 520 1435 581 conscientia:
1491 521 1822 583 libertatem
1871 526 1962 586 ob-

218 609 435 688 jiciunt,
503 607 677 665 Deut.
721 605 839 665 xiii.
887 623 943 681 5.
1003 604 1107 664 ubi
1147 601 1272 662 falfi
1325 603 1636 681 Prophetae
1674 604 1748 663 ad
1796 625 1963 664 mor·

233 703 353 747 tem
393 689 756 756 damnantur,
798 687 860 745 &
901 683 1224 763 hujusmodi
1251 685 1418 763 plura
1440 684 1543 744 sub
1585 685 1822 764 antiquo
1850 685 1964 746 foe-

234 769 368 827 dere
415 768 680 847 exempla
723 770 1003 847 praebent.
1092 765 1407 843 Respondw,
1494 766 1636 825 Non
1685 766 1766 825 est
1808 767 1964 827 casus

234 850 587 930 adaequatu3‚
632 848 691 906 &
732 846 1102 928 particularia
1152 846 1248 906 illa
1300 845 1516 924 Judaeis
1545 863 1856 928 praecepta,
1901 849 1966 907 &

229 952 369 1009 quae
412 931 538 990 inde
579 930 973 1008 sequebantur,
1047 926 1281 986 minime
1333 927 1663 987 Christianis
1703 927 1760 986 in
1795 948 1965 1009 regu-

238 1011 358 1070 lam
402 1012 550 1082 sunt,
616 1010 869 1090 alioquin
910 1010 1110 1069 eadem
1161 1006 1362 1088 regula
1426 1008 1616 1068 dicere
1658 1011 1962 1088 possimuS‚

238 1088 408 1152 licere
449 1091 613 1152 nobis
655 1091 683 1148 ᾗ
735 1089 1071 1171 propinquis
1113 1089 1402 1148 aurum&
1431 1105 1737 1170 argentum
1761 1091 1966 1152 mutuo

237 1173 515 1252 accipere,
564 1173 624 1230 δε
654 1191 787 1231 cum
818 1172 880 1230 iis
910 1170 1207 1231 abscedere
1238 1169 1351 1230 fine
1376 1171 1767 1242 retribuend0,
1831 1172 1968 1252 quia.

235 1255 315 1313 ita
351 1253 636 1314 faciebant
689 1253 879 1332 Judaei
900 1250 1142 1332 jubente
1184 1251 1489 1319 Domino;
1554 1252 1647 1312 vel
1684 1252 1844 1333 quod
1893 1253 1962 1312 li-

239 1351 392 1394 ceret
434 1334 763 1394 Christianis
811 1333 1077 1392 invadere
1121 1333 1587 1412 propinquorum
1638 1354 1836 1414 regna,
1901 1334 1966 1392 &

238 1437 438 1474 omnes
497 1415 710 1473 incolas
773 1414 885 1473 fine
933 1413 1314 1472 misericordia
1369 1414 1737 1480 exscindere·,
1810 1413 1964 1495 quia,

237 1497 544 1556 secundum
591 1496 702 1554 Dei
744 1494 1104 1565 mandatum,
1181 1491 1372 1571 Judaei
1407 1494 1487 1554 ita
1537 1495 1861 1555 Canaanitis
1882 1495 1969 1554 fa-

240 1579 482 1637 ciebant.
567 1577 625 1635 Si
670 1588 912 1656 urgeant,
959 1594 1025 1632 ea
1067 1589 1361 1653 praecepta
1411 1575 1697 1654 obligare,
1741 1575 1842 1635 nifi
1866 1577 1968 1636 ubi

242 1660 297 1718 in
348 1658 676 1738 Evangelio
722 1655 1127 1715 rescinduntur.
1215 1657 1372 1733 Resp.
1418 1655 1515 1716 illa
1550 1656 1705 1717 dicta
1743 1650 1808 1715 &
1845 1658 1972 1718 asta

241 1739 454 1798 Christi
496 1741 557 1799 &
607 1737 1041 1819 Apostolorum
1079 1734 1247 1816 supra
1308 1736 1481 1796 citata
1519 1736 1650 1797 satis
1698 1738 1972 1799 abolitio-

240 1842 372 1881 nem
416 1821 706 1882 indicant:
755 1818 795 1877 fi
850 1817 1003 1878 enim
1034 1817 1347 1878 diceremus
1387 1817 1607 1899 singula
1654 1835 1970 1900 praecepta,

240 1899 460 1980 Judaeis
511 1902 799 1971 mandata,
844 1919 947 1958 nos
987 1898 1273 1978 obligare,
1318 1898 1421 1958 nisi
1464 1899 1566 1960 ubi
1613 1900 1974 1981 particularis

242 1984 515 2042 ret-raclio
563 1983 717 2052 effer,
765 1998 901 2040 tunc
941 1981 1287 2058 sequeretur,
1333 1981 1471 2059 quia
1489 1980 1704 2042 licebat
1723 1982 1967 2061 Judaeis,

239 2080 326 2134 ut,
393 2063 560 2142 fiquis
605 2063 944 2142 proximum
984 2058 1220 2140 alicujus
1275 2078 1592 2140 cognatum
1657 2064 1970 2135 occidiffet,

241 2144 543 2224 proximus
590 2143 777 2202 occiso
838 2141 1256 2201 trucidatorem
1300 2142 1649 2205 interficeret
1705 2143 1819 2204 fine
1865 2145 1973 2204 ali-

242 2226 398 2303 cujus
427 2225 567 2305 legis
610 2223 842 2284 formali
864 2221 1106 2300 judicio,
1152 2221 1305 2284 idern
1342 2225 1510 2284 vobis
1551 2223 1722 2284 hodie
1751 2225 1969 2294 licere;

244 2307 364 2364 imo
414 2325 599 2365 nonne
658 2306 770 2367 hoc
808 2305 994 2385 ipsum
1031 2304 1394 2375 mandatum,
1440 2306 1616 2366 Deut.
1645 2305 1760 2366 xiii.
1786 2329 1841 2388 9.
1885 2307 1971 2367 di-

243 2387 386 2446 serte
414 2382 586 2465 jubet
620 2386 808 2458 illurn,
855 2383 951 2466 qui
995 2385 1070 2445 ab
1107 2384 1223 2444 alio
1249 2386 1579 2447 incitaretur
1625 2387 1700 2447 ad
1742 2390 1883 2450 deos
1909 2409 1973 2450 a·
2058 2394 2064 2403 '

229 2469 420 2546 ‚lienos
458 2468 746 2539 colend03‚
793 2468 929 2527 licet
968 2466 1110 2526 alius
1126 2466 1225 2526 ille
1265 2470 1400 2527 efl'et
1430 2467 1630 2541 frater,
1677 2469 1854 2544 filius,
1899 2471 1973 2530 fi-

241 2547 338 2619 lia,
383 2551 477 2609 vel
519 2570 689 2622 uxor,
736 2549 930 2608 statim
978 2548 1015 2606 h
1134 2596 1140 2603 .
1184 2547 1526 2609 interficere.
1612 2553 1843 2613 Omninb
1890 2575 1973 2613 oc-

242 2633 397 2692 cidito
419 2631 592 2703 illum,
639 2652 824 2691 manus
851 2643 946 2690 tua
976 2569 1157 2707 We*
1179 2631 1278 2705 esto
1298 2645 1480 2690 contra
1497 2630 1675 2704 illum,
1720 2647 1781 2693 ut
1808 2633 1974 2696 niorte

243 2713 443 2788 afficias
486 2713 687 2779 illum3
763 2711 956 2772 fihuic
978 2712 1278 2791 praecepto
1325 2710 1853 2793 obtemperandum
1876 2715 1967 2789 fit,

242 2815 425 2874 neque
473 2793 855 2873 inquifitione‚
922 2812 1106 2871 neque
1171 2791 1513 2873 magistratu
1568 2814 1718 2876 opus
1779 2797 1917 2858 effet
1949 2823 2002 2873 ς,

241 2870 304 2933 &·
353 2891 545 2934 tamen
594 2874 756 2934 nulla
797 2873 944 2933 ratio
993 2874 1262 2952 affignari
1317 2876 1527 2954 potest,
1599 2897 1778 2957 quare
1824 2879 1970 2940 hanc

240 2972 466 3034 partem
489 2955 672 3034 magis
699 2953 876 3034 quam
898 2953 1139 3014 alteram
1169 2952 1439 3033 abjiciant
1472 2983 1489 3023 3
1559 2957 1681 3018 imo
1703 2960 1816 3020 hoc
1842 2978 1969 3020 mo-

239 3037 318 3094 do
366 3034 759 3116 argumentari
815 3034 845 3092 Ξι
899 3036 1241 3114 Judaeorum
1299 3038 1464 3117 praxi
1534 3038 1647 3099 erit
1700 3039 1967 3119 Evange-

239 3116 383 3177 lium
425 3133 699 3185 evertere,
744 3117 807 3175 &
848 3116 1034 3175 rursus
1075 3118 1324 3177 carnalia
1365 3118 1710 3197 Judaeorum
1756 3121 1967 3180 statuta

220 3197 481 3272 erigere,
528 3197 602 3255 ad
649 3197 961 3276 spiritualia
990 3197 1294 3278 Evangelii
1335 3202 1658 3260 evertenda.
1739 3199 1966 3259 Revera

242 3275 432 3339 multo
449 3277 650 3339 melius
666 3277 1057 3359 argumenta-ri
1074 3281 1369 3362 postumus
1390 3281 1460 3341 ab
1479 3281 1771 3422 analogia}
1808 3301 1966 3361 quam

1771 3362 1963 3425 abebat
