2086 3640
810 79 902 139 De
942 77 1123 139 Cultu.
1586 105 1588 107 ’
1761 101 1792 158 3
1811 101 1892 166 19*

149 191 303 271 plius
343 187 402 246 in
447 185 833 267 peculiaribus
880 185 1128 248 externis
1166 185 1399 264 templis
1455 188 1546 260 (ut
1593 183 1733 245 dicit
1753 188 1888 246 bea-

152 288 242 330 tus
279 268 598 348 Stephanus
653 266 729 327 ad
769 266 1006 344 Judaeos
1054 266 1222 338 olim,
1297 267 1546 346 Excellics
1585 268 1642 333 in
1696 289 1888 328 manu-

138 353 312 431 fastis
366 371 468 410 non
504 351 746 425 habitat)
808 345 953 406 ficut
999 365 1310 427 antequam
1358 346 1642 411 descendit
1694 349 1892 427 gloria

156 433 267 492 Dei
294 431 390 508 *ad
435 447 736 491 externum
782 428 1075 508 templum
1135 428 1520 509 implendum,
1573 430 1895 509 oportebat

156 511 472 592 purificari,
538 513 602 572 δε
637 512 714 570 ab
760 509 923 568 omni
955 509 1281 588 pollutione
1332 509 1617 581 mundari,
1676 513 1739 571 δε
1787 512 1893 571 ubi

154 595 342 654 stabat
402 589 862 660 tabernaculum,
933 610 1077 661 auro
1145 592 1532 669 operiebatur,
1603 593 1766 672 quod
1808 593 1896 652 est

158 672 535 734 metallorum
578 669 1048 752 pretiofiffimum
1088 671 1150 729 &
1179 672 1622 739 nitidiffimum3
1683 673 1760 732 fic
1787 674 1895 733 eti·

159 775 279 825 am,
325 769 634 832 antequam
673 751 899 813 colatur
942 752 1098 812 Deus
1148 751 1204 810 in
1246 751 1471 813 interno
1513 755 1700 814 cordis
1749 770 1895 813 tem-

160 836 289 915 plo,
353 849 597 914 oporte-t
633 835 892 914 purgari,
965 833 1028 905 &
1067 833 1096 890 a
1143 834 1560 912 pollutionibus
1621 837 1726 897 suis
1767 855 1897 914 per-

163 915 450 986 mundari,
518 935 622 975 nec
663 934 777 973 non
814 915 890 974 ab
927 914 1436 993 imaginationibus
1471 917 1534 975 &
1584 917 1898 996 cogitatio-

158 998 328 1059 nibus
364 997 495 1067 suis,
538 1000 604 1055 ut'
638 1010 844 1075 aptum
888 993 960 1055 fit
1001 995 1112 1054 Dei
1160 997 1752 1077 Spiritum-recipere,
1796 1018 1900 1055 eo-

161 1099 277 1157 que
318 1079 436 1157 agi,
482 1077 673 1136 &hoc
702 1096 806 1137 nos
827 1075 902 1135 ad
919 1075 1213 1135 internum
1236 1076 1378 1136 illud
1408 1077 1695 1137 filentium
1714 1079 1897 1147 ducit,

163 1160 234 1218 de
271 1180 390 1239 quo
440 1157 666 1237 loquuti
706 1156 917 1228 sumus,
992 1157 1162 1237 idque
1212 1158 1417 1217 diserte
1475 1158 1730 1230 denotat.
1817 1159 1901 1218 Et

164 1257 470 1319 praeterea,
511 1253 771 1318 oportet,
799 1242 882 1317 stt
924 1242 981 1299 in
1033 1244 1308 1305 veritates
1354 1261 1471 1321 quo
1515 1240 1898 1319 significatur,

160 1320 518 1399 spiritualem
571 1319 726 1388 hunc
766 1321 990 1380 cultum
1047 1322 1159 1381 hoc
1209 1321 1392 1381 modo
1439 1322 1765 1401 praestitum
1807 1322 1904 1379 so·-

163 1400 473 1461 lummodo
509 1401 618 1461 effe
666 1401 801 1461 vere
829 1402 889 1460 &
921 1403 1158 1482 proprie
1182 1403 1406 1462 cultum
1429 1423 1656 1472 ver-um,
1698 1402 1903 1461 cumis

166 1482 259 1554 fit,
289 1503 466 1562 quem
494 1487 586 1559 (ut
604 1500 950 1562 argumenta
979 1484 1111 1543 ante
1141 1485 1425 1565 producta
1448 1484 1776 1561 ostendunt)
1793 1503 1903 1542 nec

164 1564 518 1624 adversarius
559 1562 848 1633 fimuiare,
896 1584 999 1624 nec
1023 1564 1333 1644 hypocrita
1355 1565 1630 1643 praestare
1651 1565 1856 1642 potestss

250 1644 422 1705 XVI.
463 1644 521 1712 [E
545 1662 585 1701 Τ
646 1642 784 1702 licet
819 1645 911 1703 hic
943 1646 1133 1704 cultus
1169 1644 1426 1704 multum
1466 1644 1700 1703 differat
1736 1645 1766 1702 a
1799 1664 1902 1713 va-

168 1727 262 1788 riis
312 1723 724 1785 commentitiis
756 1724 903 1784 inter
931 1726 1282 1786 Christianos
1305 1727 1594 1796 Cultibus,
1659 1725 1903 1806 ideoque
1949 1791 1952 1794 ,

168 1808 368 1868 multis
407 1806 587 1865 mirus
634 1803 819 1863 videri
856 1809 1055 1884 ponit,
1099 1808 1172 1866 de
1215 1829 1284 1871 eo
1326 1823 1519 1867 tamen
1537 1806 1724 1866 testati
1752 1807 1900 1879 sunt,

166 1909 414 1970 eumque
482 1886 982 1969 commendarunt,
1045 1889 1108 1963 ὅτ
1169 1888 1927 1969 aliquantulumpraestare'

173 1971 367 2030 conati
407 1970 538 2029 sunt
579 1988 651 2027 ex
688 1969 956 2028 omnibus
995 1969 1246 2048 piiffimi‚
1293 1970 1470 2030 etiam
1500 1971 1660 2029 omni
1689 1970 1902 2042 secula,

169 2066 237 2110 ut
272 2049 714 2131 quamplurimis
758 2048 1093 2110 testimoniis
1154 2052 1393 2132 probari
1443 2051 1648 2131 poffet,
1715 2051 1796 2110 ita
1837 2070 1906 2111 ut

172 2153 245 2192 ex
282 2132 447 2212 hujus
485 2129 831 2211 profefflone
866 2131 928 2189 &
971 2134 1140 2211 praxi
1179 2147 1395 2197 nomen
1427 2135 1786 2212 Mysticorum
1801 2154 1904 2192 ex—

171 2230 374 2276 ortum
425 2212 514 2284 fit,
580 2211 737 2292 quasi
773 2212 1132 2291 particularis
1169 2214 1333 2279 sectae
1356 2216 1429 2274 ab
1452 2215 1722 2274 omnibus
1743 2236 1907 2274 com-

175 2296 482 2365 mendatae‚
530 2313 784 2372 quorum
813 2293 1022 2373 scripta
1051 2292 1215 2372 hujus
1261 2296 1451 2369 cultus
1498 2295 1906 2375 explanatione

169 2377 233 2435 &
255 2373 752 2435 commendatione
782 2374 1015 2445 scatent,
1062 2376 1164 2436 ubi
1185 2376 1414 2441 abunde
1437 2376 1732 2435 affirmant
1761 2377 1907 2437 hanc

172 2459 455 2518 internam
501 2454 977 2515 introverfionem
1015 2456 1077 2514 δε
1123 2458 1562 2517 abstractionem
1603 2457 1809 2518 animae
1829 2460 1908 2519 ab

175 2539 446 2600 omnibus
516 2541 606 2613 (ut
649 2542 887 2614 vocant)
935 2536 1278 2616 imaginibus
1326 2539 1389 2597 &
1433 2538 1905 2618 cogitationibUS‚

172 2621 333 2701 quod
359 2622 648 2679 orationem
663 2617 957 2678 voluntatis
977 2635 1358 2699 nuncupant;
1405 2619 1514 2678 hoc
1552 2620 1707 2684 enim
1739 2621 1910 2680 Chri-

176 2701 369 2761 stianae
436 2699 797 2781 perfectionis
862 2699 1153 2758 summum
1201 2701 1428 2771 volunt,
1497 2700 1576 2760 ita
1619 2716 1683 2760 ut
1724 2721 1796 2760 ex
1841 2701 1908 2761 iis

176 2783 436 2862 quidam,
502 2781 639 2840 licet
674 2780 1013 2862 profitentes
1062 2780 1115 2840 se
1182 2781 1519 2843 Pontificios
1556 2792 1615 2846 ὃζ
1655 2781 1909 2842 ecclefiae

177 2865 470 2923 Romanae
513 2861 754 2922 devotos
792 2883 859 2921 ac
902 2864 1225 2942 morigeros
1270 2863 1441 2933 filios,
1488 2883 1602 2922 non
1641 2862 1912 2924 dubitant

174 2946 488 3014 affirmare,
571 2942 752 3021 quod,
798 2942 897 3022 qui
939 2943 1085 3002 hanc
1127 2945 1330 3004 orandi
1374 2944 1714 3003 methodum
1771 2946 1911 3003 affe-

176 3026 344 3107 quuti
380 3025 525 3095 sunt,
571 3023 665 3083 vel
710 3022 783 3083 ad
825 3043 952 3082 eam
982 3023 1251 3103 aspirant,
1298 3025 1331 3058 *
1362 3047 1452 3085 nec
1480 3025 1663 3104 neceffi
1690 3026 1905 3098 hahent,

1813 3129 1908 3167 nec

245 3236 278 3269 Ἀ*
312 3231 562 3301 Augustini
595 3230 774 3295 Bakeri,
809 3234 1098 3284 Benedifflm’
1118 3227 1307 3294 ordinisss
1327 3229 1678 3300 congregationis
1694 3225 1914 3301 Anglii-a,

179 3302 377 3351 monachi
400 3300 550 3352 sancia
571 3301 765 3365 Sophia,
785 3304 860 3349 vel
878 3300 1143 3348 Airefiiones
1156 3302 1212 3349 ad
1234 3302 1474 3349 orationem
1505 3305 1912 3365 conte-mmmmm,

175 3365 333 3434 lingui
348 3364 607 3436 anglicani
622 3369 766 3429 edita,
795 3365 953 3431 excusa
973 3366 1145 3426 Duxi,
1164 3382 1243 3417 an*
1260 3367 1347 3435 165
1359 3380 1401 3431 7·
1418 3366 1553 3421 Τναέῖ.
1565 3379 1604 3415 1.
1619 3367 1664 3436 ς,
1687 3380 1840 3438 away.
1863 3386 1916 3421 v.
