2086 3640
226 95 345 153 266
517 95 993 155 THESIS
1071 95 1633 161 DECIMA.

219 199 438 271 omnia,
523 201 586 259 ὅτ
634 199 781 261 inter
819 200 1157 266 Pontificios
1217 202 1278 260 δε
1333 200 1488 260 inter
1539 203 1942 277 ProtestanteS,

222 282 354 340 inde
403 281 772 362 proveniunt,
838 283 998 362 quod
1027 281 1282 342 formam
1325 282 1387 339 &
1423 286 1694 345 umbram
1735 285 1790 344 in
1818 287 1947 346 imi-

222 362 440 423 tatione
480 361 727 423 stabilire
759 362 1038 433 nituntur,
1098 363 1317 424 etiamst
1356 361 1590 433 virtute,
1636 364 1694 423 vi
1729 365 1792 424 δι’
1815 367 1946 427 sub-

220 439 423 503 stantia
461 458 711 514 careant,
776 463 1101 525 quanquam
1147 444 1535 524 plurimorum
1572 444 1809 505 istorum
1851 467 1946 506 or-

222 524 426 583 dinum
466 523 538 584 ne
580 525 673 582 vel
721 544 934 586 nomen
982 527 1040 584 in
1081 525 1756 606 Scripturainveniatur3
1826 527 1942 597 sed,

226 602 284 663 in
332 604 711 685 oppositione.
746 606 922 668 totius'
943 606 1104 685 hujus
1125 606 1492 667 formalitatis
1520 607 1710 666 maffae
1756 606 1817 664 δε
1837 628 1948 688 gu-

224 687 650 756 bernationum,
696 687 963 748 ordinum
1000 709 1066 748 ac
1108 688 1438 769 regularum
1485 686 1791 767 congeriei,
1863 688 1950 748 di-

225 767 430 839 cimus,
495 767 863 829 substantiam
909 770 1225 850 praesertim
1276 768 1693 848 inquirendam,
1738 769 1801 827 δε
1826 770 1947 828 vir-

225 863 433 918 tutem,
479 847 682 919 vitam,
712 907 714 909 ,
747 850 809 909 δε
848 850 1127 931 Spiritum
1176 848 1635 930 cognoscendum
1664 850 1727 908 &
1766 865 1948 910 atten-

227 928 479 988 dendum
499 930 628 1000 effe,
673 930 768 1011 qui
790 952 933 992 unus
952 931 1034 995 est
1056 933 1112 991 in
1133 932 1398 991 omnibus
1421 929 1534 989 istis
1556 929 1950 991 differentibus

226 1010 555 1071 nominibus
611 1010 671 1069 &
727 1012 950 1084 officiiS‚
1030 1033 1278 1093 quorum
1323 1009 1587 1071 meminit
1631 1011 1947 1091 Scriptura,

228 1109 299 1151 ut
334 1093 515 1171 liquet
561 1113 630 1151 ex
689 1115 714 1154 1
744 1095 879 1153 Cor.
911 1094 1008 1156 xii.
1051 1094 1248 1173 saepius
1298 1097 1429 1153 ante
1471 1093 1648 1152 citato
1691 1092 1852 1151 versu
1891 1113 1948 1164 4.

232 1171 507 1250 divistones
559 1176 689 1232 verb
731 1179 1038 1255 gratiarum
1058 1177 1205 1253 fitnt,
1254 1175 1355 1253 βτί
1392 1174 1523 1234 idem
1562 1175 1811 1251 Spiritus,
1873 1171 1958 1232 Et

229 1254 536 1334 postquam
593 1274 696 1333 per
735 1256 1025 1336 integrum
1071 1257 1213 1315 illud
1270 1271 1444 1337 caput
1489 1254 1735 1315 ostendit
1783 1255 1956 1332 Apo-

167 1409 169 1412 Α
226 1334 429 1413 ξΡεοΙυε,
519 1336 817 1415 quomodo
866 1357 1008 1396 unus
1066 1338 1331 1418 idemque
1371 1335 1612 1415 Spiritus
1652 1351 1949 1414 operetur,

139 1410 157 1447 ἶ
230 1426 292 1480 ὃζ
335 1416 783 1496 unumquodque
813 1419 1142 1477 membrum
1169 1418 1448 1487 vivificet,
1494 1431 1631 1475 tunc
1655 1416 1818 1474 versu
1852 1418 1947 1475 28.

231 1495 493 1567 ostendit,
561 1497 861 1575 quomodo
902 1518 971 1556 eo
1008 1496 1222 1576 Spiritu
1259 1498 1418 1557 Deus
1456 1497 1512 1554 in
1550 1495 1779 1555 ecclesia
1822 1515 1958 1554 con·
2063 1485 2079 1528 '³

232 1577 476 1636 stituerit
516 1576 708 1656 primo
758 1577 1096 1657 Apostolos,
1157 1577 1402 1637 secundo
1446 1577 1790 1655 Prophetas,
1835 1576 1950 1635 ὅτε.

234 1658 436 1736 Sicque
478 1659 550 1717 ad
588 1658 743 1737 Eph.·
788 1658 863 1716 iv,
924 1659 1129 1720 eodem
1167 1659 1350 1719 modo
1392 1656 1772 1727 demonstrat,
1836 1677 1959 1736 quo·

231 1739 378 1798 modo
418 1743 483 1799 iis
518 1739 663 1799 donis
702 1736 900 1800 dederit
937 1742 1177 1825 quosdam
1222 1739 1506 1818 Apostolos,
1553 1738 1795 1819 quosdam
1817 1739 1959 1797 Pro·
2052 1735 2066 1787 ’ζ

221 1821 434 1898 phetas,
493 1821 731 1901 quosdam
774 1810 1038 1898 P'astores,
1086 1822 1156 1883 δέ
1198 1822 1439 1882 dofflores.
1511 1821 1832 1898 Nunquam
1861 1839 1960 1877 au-

232 1916 352 1959 tem
417 1899 527 1961 fuit
584 1916 685 1960 aut
733 1902 944 1962 Christi
996 1919 1097 1964 aut
1148 1902 1424 1983 Apostoli
1495 1899 1820 1970 confilium,
1893 1914 1963 1971 ut

235 1980 540 2040 Christiani
590 1983 799 2041 horum
834 1985 1105 2045 umbram
1143 1984 1478 2042 &formam
1507 1981 1842 2051 stabilirent,
1900 1980 1963 2038 &t

233 2062 334 2134 fle,
395 2062 648 2122 diversos
692 2062 916 2123 ordines
972 2065 1033 2123 &
1071 2064 1283 2144 gradus
1331 2062 1612 2130 faciend0,
1677 2059 1965 2121 carnalem

2045 1932 2058 2021 Cb-:lss
2051 1879 2059 1903 ’ν
2059 1839 2061 1842 Α

233 2142 612 2203 hierarchiam
655 2138 1084 2215 constituerent,
1146 2145 1355 2224 absque
1375 2143 1456 2213 vi,
1501 2142 1715 2201 virtute
1744 2141 1806 2199 &
1832 2139 1964 2220 Spi-
2044 2167 2055 2215 3

231 2224 345 2285 ritu
389 2224 636 2285 Christi:
718 2223 830 2283 hoc
879 2225 1018 2286 illud
1066 2245 1209 2305 opus
1258 2221 1598 2291 Antichristi
1646 2222 1707 2280 δε
1749 2222 1963 2301 myste-
2040 2248 2056 2286 ἢ,

233 2305 385 2364 rium
403 2304 709 2384 iniquitatis
729 2304 831 2376 est,
864 2307 1161 2367 tenebrosa
1179 2304 1471 2385 apostafiae
1493 2306 1661 2364 ῃοξὶε
1681 2303 1961 2371 erectum,
2040 2306 2051 2358 '·.

235 2385 424 2444 sedin
469 2386 607 2445 vera
651 2385 862 2446 Christi
910 2387 1165 2459 ecclesia,
1231 2407 1362 2465 quae
1419 2385 1448 2442 a
1503 2385 1653 2453 Deo,
1718 2403 1832 2442 non
1875 2384 1963 2440 so-
2034 2396 2041 2407 '

237 2466 433 2525 lumin
461 2466 786 2527 doctrinam
807 2467 1084 2541 veritatis,
1148 2468 1242 2526 sed
1263 2465 1738 2534 etiaminvitam,
1781 2464 1967 2522 virtu-
2040 2469 2052 2488 ·

237 2564 354 2607 tem
397 2550 460 2608 δε
501 2548 783 2627 Spiritum
821 2549 1050 2620 Christi,
1140 2562 1491 2627 congregata
1533 2546 1636 2614 est,
1719 2544 1965 2623 Spiritus

238 2628 349 2687 Dei
391 2629 471 2687 est
513 2629 868 2709 gubernator
930 2640 989 2694 ὃ(
1038 2629 1356 2709 regulator,
1432 2626 1575 2686 ficut
1623 2626 1680 2683 in
1731 2624 1966 2703 fingulis

234 2709 559 2781 individuis,
627 2710 708 2769 ita
745 2709 807 2768 δε
848 2709 904 2768 in
945 2709 1230 2789 generali:
1286 2729 1353 2768 ac
1381 2706 1611 2787 quando
1635 2705 1800 2764 fimul
1831 2725 1969 2764 con-

235 2790 488 2860 veniunt,
554 2805 622 2849 ut
668 2789 864 2850 Deum
912 2792 1154 2851 adorent
1212 2790 1274 2848 &
1321 2790 1532 2858 colant,
1602 2803 1756 2856 tune,
1823 2803 1967 2864 quos

235 2871 478 2950 Spiritus
519 2871 705 2930 divina
757 2871 851 2929 sua
902 2873 1114 2931 virtute
1140 2872 1203 2929 δε
1250 2870 1467 2928 influxu
1497 2869 1571 2927 ad
1600 2865 1971 2926 ministerium

235 2953 479 3030 separat,
546 2952 800 3031 aperiens
851 2973 952 3011 ora
1010 2972 1239 3022 eorum,
1339 2952 1401 3008 δε
1449 2949 1584 3010 dans
1623 2947 1706 3018 iis,
1789 2961 1859 3004 ut
1909 2945 1965 3002 in

235 3033 447 3092 virtute
491 3044 549 3097 ὅζ
597 3033 813 3111 Spiritu
866 3033 1105 3092 Domini
1149 3034 1475 3102 hortentur,
1542 3023 1964 3106 redarguant&

237 3111 535 3183 instruant,
582 3133 699 3171 non
740 3114 1003 3191 poffibile
1032 3113 1134 3184 est,
1195 3111 1333 3191 quin
1363 3111 1516 3180 illos,
1561 3107 1658 3187 qui
1686 3126 1756 3164 eo
1784 3104 1966 3163 modo

234 3189 264 3246 a
293 3192 422 3250 Deo
452 3192 706 3252 ordinati
735 3193 796 3251 &
825 3194 883 3254 in
912 3192 1288 3252 ministerium
1318 3191 1538 3250 admiffi
1567 3189 1713 3255 sunt,
1764 3183 1967 3243 fratres

234 3271 470 3332 illorum
527 3273 782 3347 audiant,
842 3273 1119 3355 recipiant
1157 3273 1218 3333 &
1261 3271 1448 3351 operis
1469 3264 1969 3406 gratialiplhonore

1703 3367 1734 3406 a
1779 3362 1868 3405 eat
1937 3368 1959 3412 3

2037 2408 2052 2466 ἰ

2075 3556 2086 3640 ὲ
