2086 3640
184 60 320 136 *398
411 57 838 120 THESIS
878 52 1360 118 DECIMA
1415 55 1863 124 TERTIA.

201 164 324 225 beat
397 178 630 239 tantum,
703 177 766 227 ut
812 162 1252 226 recommendetur
1317 164 1467 244 quast
1517 181 1827 246 perpetuum
1875 167 1949 236 ἐξ
2018 211 2022 216 ·

194 262 519 324 permanens
549 251 818 326 statutum
862 244 1175 326 Evangelii,
1220 246 1383 327 quam
1415 245 1512 305 vel
1556 260 1709 328 aquoe
1753 252 1944 335 baptis:

197 348 333 400 mus,
383 331 477 390 vel
503 333 712 409 frafiio
732 327 919 408 panis,
965 327 1060 387 vel
1090 327 1220 408 quid
1242 326 1397 388 aliud
1427 323 1490 387 id
1515 340 1677 410 genus'
1694 329 1727 388 ‚2
1769 331 1849 394 ita
1876 352 1946 396 ut:

196 411 415 470 mirum
456 407 600 471 mihi
643 411 733 481 fit,
781 429 960 489 quare
1000 429 1127 468 eam
1158 406 1453 470 Pontificii
1499 429 1617 470 non
1654 411 1944 492 posuerint

195 490 348 551 inter
398 491 696 552 numerosa
739 492 834 551 sua
876 491 1242 561 Sacramenta,
1287 487 1392 550 nisi
1478 507 1674 571 ropter
1721 513 1944 558 meram

197 573 562 634 voiuntatem
590 571 889 644 Ecclefiae,
933 571 995 631 δε
1022 571 1393 632 traditionem
1466 586 1677 634 atrum.
1761 575 1874 635 Sed
1904 569 1949 637 st

189 652 310 712 dica
322 665 399 725 nt,
467 653 628 735 quod
678 670 916 715 utantur
957 654 1065 714 hac
1104 650 1448 724 ceremonia,
1513 653 1649 734 quia
1683 655 1848 734 Papa
1881 657 1944 717 δε

187 734 426 812 quidam
456 735 553 796 alii
605 735 714 797 hoc
763 749 950 816 agunt
991 735 1166 795 semel
1193 733 1546 816 quotannisz
1599 736 1934 816 Respondeat

195 815 350 874 Scire
383 837 551 889 aveo,
598 837 702 877 cur
737 817 863 877 haec
904 837 1024 878 non
1045 816 1118 876 ad
1137 836 1337 877 omnes
1364 814 1726 888 extendatur,
1770 820 1937 900 aeque

187 916 257 954 ac
299 898 638 959 eucharistia
674 897 782 975 (ita
822 897 1004 978 dieta)
1049 898 1143 958 vel
1192 897 1344 958 unde
1391 895 1612 977 aliquid
1657 913 1856 979 pateat
1901 900 1938 959 ὃ.

192 992 382 1049 textU,
428 980 587 1061 quod
617 981 744 1041 haec
782 981 986 1054 verba,
1030 979 1147 1039 Hoc
1169 981 1343 1059 facite
1373 981 1430 1039 in
1477 982 1780 1040 memoriam
1809 985 1932 1054 mei,

186 1053 373 1119 intelli
418 1062 566 1123 enda
614 1061 742 1134 sint,
807 1061 965 1141 quod
1011 1059 1171 1141 panis
1205 1060 1268 1120 &
1303 1060 1500 1122 vinum
1531 1053 1791 1142 quotidie
1837 1062 1938 1124 dea

190 1140 325 1200 beat
390 1140 512 1202 umi
555 1145 632 1205 ab
667 1142 938 1204 omnibus
979 1141 1389 1213 sacerdotibu3‚
1452 1141 1546 1201 vel
1588 1143 1750 1223 panis
1789 1164 1936 1225 quo*

184 1219 341 1294 tidie,
388 1223 482 1284 vel
532 1225 732 1305 quavis
770 1222 1082 1304 septimana
1112 1222 1144 1281 a
1193 1240 1323 1283 toto
1351 1223 1622 1304 populo:
1687 1222 1751 1283 ἃ.
1777 1225 1938 1306 quod

185 1301 436 1364 alterum
484 1305 629 1365 illud
680 1305 892 1365 Christi
936 1302 1295 1375 mandatum,
1341 1305 1530 1365 debetis
1571 1305 1642 1367 fs?
1697 1326 1792 1365 vos
1839 1308 1934 1367 hoc

166 1384 375 1463 facere,
405 1388 548 1462 ficut
576 1387 647 1454 ἐρ’,
683 1408 770 1468 ego
797 1387 947 1446 vobis
974 1384 1107 1465 feci,
1152 1385 1345 1445 solum
1365 1385 1808 1466 intelligendum
1861 1387 1931 1448 fit

180 1464 256 1523 de
301 1466 482 1547 Papa,
527 1468 622 1526 vel
656 1466 997 1547 quibusdam
1048 1464 1191 1535 aliis,
1237 1465 1407 1544 idque
1434 1466 1624 1526 solum
1672 1465 1842 1528 semel
1869 1468 1925 1529 in

179 1566 332 1607 anno
387 1549 839 1628 peragendum?
906 1545 1061 1606 certe
1111 1544 1275 1625 hujus
1324 1545 1663 1606 differentiae
1704 1542 1928 1610 nullam

181 1627 468 1688 rationem
510 1645 701 1689 textus
751 1629 997 1709 praebet.
1081 1625 1165 1687 Et
1210 1627 1373 1707 quod
1417 1625 1624 1688 attinet
1666 1626 1742 1687 ad
1784 1629 1930 1691 Pro·

181 1708 468 1782 testante3‚
515 1711 616 1791 qui
656 1710 765 1770 hac
814 1707 1140 1771 ceremonia
1186 1728 1304 1768 non
1336 1723 1600 1781 utuntur,
1646 1706 1690 1768 si
1729 1710 1931 1771 oculos

179 1789 555 1852 solummodo
594 1791 820 1872 aperire
845 1791 1079 1862 volunt,
1125 1789 1321 1849 videre
1349 1792 1582 1871 poffint‚
1627 1791 1950 1870 quomodo*

182 1870 416 1933 iibimet
454 1894 616 1935 more
658 1873 721 1932 &
763 1870 1073 1934 traditione
1102 1871 1209 1931 hac
1230 1870 1288 1930 in
1318 1891 1378 1931 re
1407 1871 1757 1953 imponunt,
1784 1872 1928 1935 ficut

178 1952 242 2013 δε
286 1970 479 2045 patres
529 1975 733 2014 eorum
779 1955 836 2014 in
875 1953 1046 2014 variis
1088 1950 1213 2013 aliis
1261 1948 1671 2015 traditionibus
1721 1953 1928 2035 Ponti-

179 2032 341 2094 ficiis,
379 2040 381 2043 ’
427 2035 486 2094 Si
507 2035 660 2095 enim
699 2035 938 2115 planam
979 2033 1346 2114 Scripturam
1375 2034 1753 2115 inspiciamuS‚
1829 2033 1925 2097 uid

177 2114 375 2175 inferri
418 2116 609 2196 potest
638 2116 712 2176 ad
738 2115 1070 2196 urgendum
1105 2135 1291 2174 unum
1334 2116 1519 2196 magis
1556 2115 1736 2195 quam
1779 2137 1812 2176 a
1839 2133 1924 2177 te-

179 2215 331 2268 rum,
374 2197 471 2256 vel
511 2197 585 2256 ad
632 2195 1040 2277 deponendum
1082 2215 1284 2267 unum,
1349 2195 1506 2276 quod
1561 2216 1676 2257 non
1714 2196 1922 2258 eodem

174 2277 359 2338 modo
406 2278 637 2339 alterius
666 2275 1081 2338 continuationi
1110 2277 1437 2357 repugnet?
1482 2278 1543 2336 Si
1569 2277 1770 2348 dicant,
1795 2281 1919 2357 pri-

169 2379 313 2419 orem
353 2359 507 2420 illam
543 2359 605 2421 de
634 2360 830 2438 pedum
879 2358 1068 2419 lotione
1102 2361 1444 2419 ceremoniam
1483 2361 1696 2419 tanticm
1708 2359 1871 2440 fuiffie
1899 2382 1915 2419 ε

179 2441 329 2520 quid,
376 2445 561 2523 quaest),
607 2442 821 2513 habent,
866 2441 1004 2502 unde
1018 2439 1285 2518 ostendant
1312 2441 1448 2500 hanc
1469 2441 1794 2516 fraHionem
1811 2459 1927 2521 pa*

173 2525 258 2582 nis
300 2525 465 2604 magis
506 2523 601 2603 ff
620 2523 651 2580 ἒ
714 2525 775 2583 Si
810 2521 991 2582 dicant
1014 2524 1251 2601 priorem
1279 2519 1599 2601 Jblummodo
1621 2520 1785 2602 fuiffl’
1806 2525 1922 2605 fig-

175 2623 304 2663 num
344 2605 663 2664 humilitatis
705 2606 774 2667 ξε)9
809 2602 1202 2683 purificationis
1222 2626 1241 2661 .·
1283 2603 1428 2684 quid,
1462 2601 1648 2684 quasi),
1692 2604 1911 2685 habent,

172 2685 314 2744 unde
349 2687 572 2764 probent
618 2687 756 2746 hanc
791 2689 955 2766 magis
1001 2684 1096 2764 effe
1115 2685 1146 2742 ‚2
1189 2685 1250 2744 Si
1296 2684 1527 2745 dixerint
1562 2685 1800 2763 priorem
1825 2688 1912 2764 fh·-

176 2765 437 2826 lummodo
467 2769 542 2827 ad
554 2780 751 2845 tempus
771 2765 955 2848 fuiffe‚
1003 2787 1104 2826 non
1133 2777 1307 2826 autem
1334 2767 1701 2843 institutionem
1722 2766 1935 2827 Evasi-2

171 2846 395 2927 gelicam
436 2850 531 2928 effe
558 2872 577 2908 .·
638 2848 784 2929 quid,
830 2849 1017 2929 quast,
1062 2847 1172 2908 haec
1217 2848 1395 2919 habet,
1440 2869 1536 2928 quo
1583 2850 1750 2930 magis‘
1786 2847 1917 2908 talis
1998 2858 2000 2861 ’

175 2929 457 3003 habeatur,
503 2951 600 3011 quo
641 2930 744 2990 illa
764 2943 910 2990 caret
929 2931 959 2986 ?
1023 2929 1251 2989 Revera
1288 2929 1399 2989 hoc
1418 2928 1633 2990 evitare
1660 2924 1913 3010 impoffi-

176 3009 294 3068 bile
321 3010 423 3082 est,
490 3033 674 3090 neque
714 3009 1014 3091 quidpiam
1065 3009 1271 3070 adduci
1320 3010 1531 3090 potest,
1635 3028 1768 3070 uate
1806 3001 1904 3070 illa

177 3090 367 3161 cesset,
414 3093 538 3152 haec
587 3107 903 3163 remaneat,
946 3091 1041 3150 vel
1082 3090 1207 3151 haec
1248 3091 1435 3162 duret,
1481 3093 1544 3152 ὅτ
1571 3091 1610 3151 il
1638 3112 1671 3151 a
1698 3089 1904 3153 ceffet3

176 3168 281 3235 nifi
325 3169 483 3230 mera
506 3174 932 3234 affirmatorurn
953 3171 1172 3252 opini0‚
1218 3193 1349 3252 quae
1386 3172 1542 3232 mera
1571 3167 1906 3230 educatione

178 3250 241 3339 ὃς
287 3251 592 3315 traditione
632 3255 690 3317 in
712 3253 1070 3338 populorum
1110 3274 1311 3316 animis
1339 3252 1619 3334 majorem
1648 3267 1759 3332 pro
1797 3248 1905 3306 hac

1741 3342 1908 3388 reve·
