2086 3640
175 105 335 174 ‘180
496 90 1639 158 THESISSEPTIMA.

218 219 238 246 ‘
267 227 365 266 non
401 223 642 281 negamus
687 201 975 279 promiscue?
1020 201 1205 259 venire
1252 201 1307 257 in
1347 198 1512 274 ufim,
1564 195 1711 276 apud
1749 207 1938 275 patres

217 299 237 326 ‘
265 285 507 346 maxime.
591 284 744 341 Beza
775 282 830 339 in
853 300 975 359 cap.
1007 280 1081 338 iii.
1126 279 1200 339 ad
1227 277 1461 347 Titum,
1491 296 1611 335 ver.
1652 293 1707 355 7.
1734 280 1937 360 justifi-

218 379 237 406 ‘
266 367 476 425 cationis
532 385 733 433 nomen,
778 363 981 441 inquit,
1015 362 1139 420 “late
1186 361 1396 437 accipi0,
1442 360 1520 416 ita
1549 370 1608 416 ut
1633 358 1934 434 empleaa-

219 460 238 485 ‘
264 460 376 515 tur,
417 443 660 524 quicquid
693 447 728 503 a
771 443 978 518 Christo
1016 443 1382 522 consequimur,
1427 451 1540 497 tum
1576 454 1681 515 per·
1706 441 1938 514 imputa-

217 538 237 565 ‘
265 530 475 596 tionem,
519 539 631 584 tum
648 541 752 603 per
787 524 1019 602 Spiritus
1054 527 1110 583 in
1139 522 1279 582 nobis
1300 518 1696 599 sanctificandis
1722 518 1940 595 efficaci-

218 619 239 646 ‘
270 628 374 667 am.
459 608 546 664 Sic
581 627 772 686 quoque
806 608 1061 683 accipitur
1086 601 1412 685 justificandi
1461 601 1700 659 verbum.
1758 600 1939 658 Rom.

213 688 330 747 viii.
357 707 452 765 30.
498 687 654 746 Haec
680 687 796 746 ille.
817 686 1194 748 Melanffiffion
1215 684 1270 743 in
1301 681 1486 762 Apol.
1511 679 1754 741 Confefl'.
1779 681 1941 758 Aug.

218 779 238 805 ‘
268 768 369 838 ait,
398 768 686 850 justificari
718 768 831 844 fide
865 771 920 827 in
953 766 1237 844 Scriptura
1278 785 1377 824 non
1414 773 1620 822 tantum
1640 759 1944 842 significare

219 850 418 930 ‘justos
448 851 819 926 pronunciari,
854 849 950 927 sed
981 848 1050 909 δέ
1078 869 1141 907 ex
1169 848 1366 926 injustis
1371 845 1535 925 justos
1555 841 1702 920 effici.
1745 841 1945 902 Etiam

212 929 546 990 sententiam
582 930 859 999 nostram,
911 929 1021 1008 qu&
1071 927 1248 988 morti
1297 924 1508 986 Christi
1564 923 1946 984 remiffionem

215 1026 614 1091 peccatorum,
660 1010 864 1089 gratiae
892 1025 1086 1070 autem
1127 1007 1369 1087 Spiritfis
1406 1024 1508 1084 per
1548 1019 1801 1064 mortem
1829 1000 1947 1078 ejus

216 1090 530 1171 acquifitae,
595 1090 1015 1168 justificationis
1074 1110 1217 1169 opus
1262 1085 1646 1155 attribuimuS,
1711 1082 1949 1182 quidam

216 1170 494 1251 praecipui
539 1171 939 1241 ProtestanteS,
986 1171 1120 1229 licet
1154 1191 1270 1229 non
1306 1167 1429 1227 thm
1458 1164 1770 1247 perspicue,
1815 1182 1950 1244 par-

217 1253 325 1311 tim
379 1267 573 1311 tamen
634 1251 878 1332 attigisse
925 1252 1205 1311 videntur.
1292 1252 1580 1308 Martinus
1627 1246 1845 1306 Boroeus
1891 1243 1950 1302 in

218 1334 366 1392 Gen.
418 1352 544 1410 cap.
589 1353 684 1391 xv.
730 1333 806 1392 ad
842 1334 1022 1393 verba
1051 1332 1274 1392 credidit
1310 1331 1598 1390 Abraham
1616 1329 1754 1400 Deo,
1801 1328 1946 1404 Pag.

226 1414 360 1474 161.
402 1412 694 1490 explicans
738 1413 937 1472 locum
978 1413 1146 1473 illurn
1169 1410 1466 1491 Apostoli,
1513 1410 1690 1469 Rom.
1723 1408 1799 1468 iv.
1828 1427 1949 1466 ver.

216 1495 325 1553 ult.
391 1504 410 1530 ‘
454 1493 572 1572 Qi
596 1494 829 1552 traditus
868 1495 939 1568 est
965 1507 1186 1570 propter
1213 1493 1406 1552 delicta
1432 1491 1629 1568 nostra,
1676 1489 1746 1551 δᾶ
1777 1490 1952 1568 refier-

220 1588 242 1614 ‘
271 1577 411 1633 rexit
449 1585 672 1651 propter
720 1575 1143 1654 justificationem
1199 1575 1451 1648 nostram,
1516 1569 1634 1630 ait:
1678 1571 1804 1630 Duo
1841 1591 1953 1629 cer-

223 1668 243 1695 ‘
274 1667 476 1715 nuntur
515 1657 570 1714 in
614 1654 843 1730 Christo,
910 1676 1027 1735 qua>
1054 1655 1130 1713 ad
1156 1654 1580 1734 justificationem
1605 1652 1767 1727 nostri
1792 1653 1955 1728 neces-

223 1738 418 1815 ‘saria
443 1736 574 1812 fient
606 1759 624 1801 3
676 1734 925 1806 alterum,
987 1756 1123 1794 mors
1150 1736 1265 1811 cst3
1304 1733 1580 1803 alterum,
1625 1733 1864 1791 excitatio
1888 1752 1956 1791 ex
2048 1727 2059 1781 st

224 1829 245 1856 ‘
275 1819 513 1886 mortuis,
559 1815 669 1874 ὅτε.
758 1819 948 1876 Morte
966 1819 1074 1897 ejus
1104 1817 1315 1894 expiari
1349 1813 1532 1874 mundi
1559 1824 1778 1891 peccata
1803 1829 1956 1891 opor·

225 1909 247 1936 ‘
275 1901 394 1957 tuit.
483 1898 599 1971 Per
644 1898 1002 1956 excitationem
1042 1918 1170 1956 vero
1197 1918 1260 1956 ex
1296 1898 1513 1955 mortuis
1549 1896 1639 1973 Sp.
1668 1895 1735 1953 .S.
1782 1895 1953 1955 tribu·
2048 1895 2059 1926 ³¹

225 1990 246 2016 ⁶
275 1999 362 2038 ere
405 1976 568 2036 eidem
608 1977 832 2037 bonitati
868 1980 980 2039 Dei
1004 1978 1215 2054 placuit
1233 1999 1254 2034 .·
1285 1993 1390 2054 per
1428 1997 1577 2056 quem
1604 1975 1675 2037 &⁹
1697 1977 1954 2056 Evange-
2049 1983 2056 2043 J

225 2071 247 2099 ‘
278 2058 348 2118 lio
377 2057 632 2128 creditur,
672 2058 742 2118 &3
771 2058 957 2137 amiffa
981 2060 1194 2138 justitia
1220 2060 1393 2135 primi
1413 2057 1618 2116 Adami
1643 2058 1776 2117 vitio
1803 2058 1956 2134 resti-

225 2151 247 2178 ‘
275 2151 527 2199 tueretur.
614 2139 693 2198 Et
715 2139 896 2215 postea
935 2151 1214 2218 utramque
1253 2139 1390 2197 hanc
1416 2149 1630 2214 partem
1680 2137 1957 2216 Apostolus
2026 2160 2040 2191 ς
2085 2113 2086 2116 ¹

226 2231 248 2258 ‘
277 2222 361 2280 his
398 2219 577 2278 verbis
617 2219 874 2297 exprcffit,
939 2222 1029 2299 qui
1069 2220 1304 2280 traditus
1358 2219 1428 2295 est
1469 2230 1694 2296 propter
1738 2232 1959 2296 peccata
2032 2287 2033 2290 Ἴ

226 2312 249 2339 ‘
277 2301 478 2378 nostra,
521 2300 632 2358 &a
718 2300 788 2359 In
844 2313 1006 2360 morte
1060 2303 1166 2382 ejus
1205 2302 1482 2378 spectatur
1507 2301 1805 2379 fhtiffattio
1853 2317 1961 2379 pro
2036 2311 2039 2313 ’

226 2393 265 2435 ⁶..
268 2393 495 2460 peccato.
580 2380 648 2439 In
695 2382 1064 2459 resurreetione
1099 2379 1286 2441 donum
1321 2383 1360 2438 S
1349 2380 1551 2458 piritzis
1591 2382 1796 2452 Sancti,
1861 2402 1960 2462 quo

229 2474 250 2502 ‘
277 2462 445 2538 nostri
475 2461 782 2542 justificatio
834 2462 910 2522 ad
943 2465 1116 2522 vitam
1151 2463 1471 2538 conficiatur.
1556 2460 1639 2521 Et
1674 2462 1859 2522 rursus
1899 2463 1958 2521 in
2031 2522 2036 2534 ¹,

230 2555 250 2581 ‘
279 2543 380 2603 lib.
429 2562 483 2619 3.
527 2542 678 2619 Reg.
716 2562 844 2622 cap.
889 2563 945 2620 9.
996 2563 1114 2602 ver.
1144 2565 1202 2618 4.
1242 2563 1377 2623 pag.
1421 2543 1558 2603 681.
1596 2555 1821 2622 utraque
1838 2563 1960 2623 ergo
2024 2543 2036 2591 s

230 2635 253 2662 ‘
266 2625 492 2705 justitia·
525 2624 665 2681 ratio
711 2625 767 2682 in
791 2624 1162 2704 justificatione
1186 2628 1495 2693 continetur,
1547 2623 1618 2684 ἐξ
1661 2637 1852 2685 neutra
1889 2626 1960 2684 ab
2032 2667 2042 2684 ‚r

231 2716 254 2743 ‘
283 2705 461 2764 altera
472 2705 781 2781 separatur.
867 2705 1044 2784 Atque
1078 2709 1157 2766 ita
1185 2708 1240 2764 in
1261 2705 1550 2780 definitione
1572 2706 1962 2786 justificationis

232 2796 255 2823 ‘
285 2788 527 2845 meritum
558 2786 835 2864 sanguinis
882 2785 930 2843 C
930 2788 1086 2863 hristi
1133 2807 1248 2846 cum
1302 2787 1581 2861 remiffione
1610 2785 1956 2858 ‘delittorum

232 2876 255 2903 ‘
285 2879 441 2946 atque
478 2886 596 2924 cum
635 2866 763 2925 dono
790 2867 1022 2943 Spiritus
1051 2869 1233 2946 sancti
1271 2869 1658 2948 justificationis
1704 2867 1776 2928 ἐξ
1815 2875 1958 2949 rege·
1996 2897 1998 2900 ·

234 2957 255 2984 ‘
284 2949 567 3008 nerationis
595 2945 899 3007 includitur.
984 2949 1276 3010 Martinus
1304 2949 1553 3009 Bucerus
1590 2947 1647 3007 in
1679 2947 1854 3007 Rom.
1883 2944 1958 3004 ad

235 3037 256 3064 ‘
287 3029 464 3103 verba
492 3046 610 3085 ver.
659 3026 749 3085 16.
813 3026 939 3088 Non
979 3031 1123 3107 ficut
1158 3047 1264 3108 per
1296 3050 1480 3101 unum,
1531 3029 1655 3096 ait3
1718 3026 1853 3084 Cum
1890 3045 1957 3084 ex

237 3117 261 3158 ‘.
288 3126 390 3165 uno
430 3108 568 3167 Adae
593 3120 804 3184 peccato
837 3111 977 3169 orbis
1004 3110 1248 3189 perditus
1268 3111 1368 3188 fit,
1404 3113 1590 3192 gratia
1627 3107 1829 3181 Christi
1854 3125 1956 3166 non

238 3197 259 3222 ⁶
274 3184 443 3261 solum
483 3188 576 3246 hoc
600 3202 893 3265 peccatum,
919 3190 990 3251 (ὁ)
1010 3205 1262 3263 mortem,
1291 3213 1449 3272 quam
1469 3189 1667 3256 intulit,
1698 3185 1954 3257 abolevit,

240 3264 373 3346 ‘sed
401 3267 571 3346 fimul
618 3269 832 3358 infinita
882 3270 986 3358 illa
1013 3273 1232 3356 fitstulit
1265 3283 1516 3354 peccata,
1547 3272 1724 3360 inque·
1739 3265 1957 3427 [ἔξω

1390 3359 1395 3361 ’
1644 3359 1664 3386 ‘
1691 3369 1759 3430 ju
1805 3368 1823 3404 ι
1861 3367 1953 3429 6αῇ
