2086 3640
756 67 847 130 De
886 69 1286 146 Justificatione.
1785 93 1807 131 1
1822 76 1893 154 83

158 179 223 238 δε
256 176 374 237 vita
422 173 538 256 ejus
581 174 643 236 δε
674 175 887 257 justitia
934 176 1131 237 induti.
1221 174 1438 255 Estque
1486 173 1580 234 hic
1620 174 1766 234 ordo
1795 178 1898 240 iste

156 260 219 318 δε
256 257 558 318 methodus
598 257 814 329 salutis,
858 277 1033 337 quarn
1074 258 1309 318 exhibet
1340 256 1674 336 ,Apostolus
1700 257 1898 319 divina

155 340 255 399 illa
284 339 553 400 sententia
595 339 672 400 ad
711 338 890 398 Rom.
934 358 992 398 v.
1054 360 1143 399 10.
1208 340 1267 397 Si
1315 340 1471 409 enim,
1537 360 1652 398 cum
1693 342 1893 401 inimici

150 422 381 500 effi’mus,
427 420 751 482 reconciliati
793 420 977 498 stemus
1023 421 1140 479 Deo
1181 436 1284 497 per
1341 433 1557 480 mortem
1585 421 1703 494 filii
1754 424 1886 502 ejus,

150 502 318 562 multo
368 506 539 583 magis
590 496 938 570 reconciliati,
984 501 1141 579 fhlvi
1187 503 1384 560 erimus
1443 505 1498 560 in
1551 504 1677 561 vita‘v
1713 505 1887 579 ipstus.

151 582 318 644 Nam
374 583 695 662 Apostolus
751 581 943 662 primo
993 579 1318 660 fignificans
1368 582 1891 644 reconciliationem

149 684 256 744 per
301 680 554 723 mortem
597 662 810 724 Christi
836 661 1087 731 factam,
1118 658 1275 738 cujus
1303 662 1465 721 causa
1486 664 1642 723 Deus
1671 684 1889 744 pronus

145 744 229 803 est
273 744 568 804 hominem
610 744 861 824 recipere
922 743 984 802 &
1026 741 1326 811 redimere,
1386 742 1884 821 justificationem,

146 824 210 882 id
258 826 361 896 est,
408 824 653 886 salutem
697 825 952 886 affirmat
997 824 1106 883 effe
1150 823 1207 882 in
1237 823 1355 883 vita
1392 825 1620 898 Christi.
1708 825 1891 910 Qod

148 921 344 967 autem
385 905 505 967 vita
563 908 690 967 haec
736 905 807 966 fit
843 904 987 985 quid
1032 903 1322 965 internum
1365 914 1423 968 ὃῑ
1479 906 1784 986 Spirituale
1830 907 1891 966 in

149 987 324 1047 corde
361 987 702 1060 revelatum,
767 1006 886 1067 quo
916 1002 1245 1055 renovatur,
1309 985 1371 1043 &
1415 1005 1486 1044 ex
1530 1001 1740 1058 morte,
1785 990 1893 1049 ubi

150 1068 488 1129 naturaliter
533 1069 805 1151 degebat,
849 1067 1130 1139 educitur,
1175 1068 1239 1125 &
1269 1067 1455 1126 rursus
1482 1067 1795 1139 suscitatur,
1827 1072 1893 1129 δε

149 1149 480 1210 vivificatur
535 1150 612 1210 ad
667 1150 882 1220 Deum,
948 1148 1102 1207 idem
1152 1147 1474 1227 Apostolus
1525 1147 1771 1207 ostendit
1815 1149 1890 1210 ad

149 1229 356 1310 Ephes.
403 1231 459 1291 ii.
500 1249 557 1307 5.
602 1232 684 1291 Et
719 1252 837 1291 cum
877 1230 1084 1310 efflamus
1125 1232 1318 1290 mortui
1352 1231 1600 1306 peccatis,
1646 1233 1890 1289 convivi-

133 1311 338 1386 ficavit
375 1333 467 1372 nos
500 1317 558 1373 in
591 1312 799 1391 Christo
821 1316 992 1394 (cujus
1023 1313 1212 1394 gratid
1241 1313 1356 1387 estis
1383 1309 1626 1388 salvati)
1670 1311 1739 1371 δέ
1769 1333 1888 1370 con-

146 1392 491 1472 resustitavit,
525 1394 639 1455 &cz
725 1395 926 1454 Nemo
984 1410 1178 1453 autem
1216 1391 1455 1472 negabit
1492 1393 1602 1451 hoc
1659 1393 1765 1451 effe
1804 1393 1886 1452 in-

148 1488 380 1533 ternum
428 1474 817 1535 renovationis
877 1495 1045 1555 opuS‚
1111 1475 1356 1553 ideoque
1411 1471 1513 1532 dat
1581 1473 1886 1544 rationem,

147 1554 515 1636 quodgratid
540 1556 756 1635 salvati
774 1558 979 1635 stemus,
1024 1576 1155 1636 quae
1176 1555 1256 1613 est
1290 1555 1509 1613 interna
1538 1553 1645 1624 viS,
1688 1554 1890 1613 &vir-

146 1638 243 1694 tus
281 1637 494 1696 Christi
535 1637 593 1697 in
622 1637 802 1696 corde
830 1662 849 1704 ·,
894 1637 1007 1695 Sed
1051 1637 1123 1695 de
1152 1637 1263 1695 hoc
1292 1635 1425 1694 loco
1457 1632 1630 1694 fusius
1670 1635 1883 1714 postea.

149 1715 245 1776 De
288 1716 451 1796 hujus
500 1717 740 1778 internae
786 1718 925 1777 vitae
969 1717 1314 1776 revelatione
1363 1715 1517 1775 idem
1568 1716 1891 1795 Apostolus

149 1796 431 1878 loquitur,
486 1817 519 1857 2
545 1800 685 1858 Cor.
727 1798 802 1859 iv.
855 1819 946 1859 10.
991 1812 1052 1859 ut
1096 1799 1164 1860 δέ
1209 1800 1330 1855 vita
1366 1798 1496 1875 Jesu
1532 1799 1892 1876 manifestetur

146 1881 206 1939 in
253 1900 414 1939 carne
460 1881 644 1955 nostrii
703 1880 938 1940 mortali.
1024 1880 1182 1939 Haec
1229 1893 1424 1937 autem
1474 1878 1692 1937 interna
1751 1879 1885 1956 Jesu

146 1959 269 2020 vita
310 1959 456 2020 illud
482 1961 586 2033 est,
631 1980 768 2040 qu0,
814 1976 880 2021 ut
918 1960 1087 2041 supra
1114 1957 1564 2029 observavimus,
1609 1958 1754 2019 dixit
1782 1980 1886 2020 nos

130 2037 460 2120 justificari.

223 2122 544 2186 SECUNDO.
610 2122 779 2203 de
826 2123 930 2184 hac
983 2123 1113 2203 Jefit
1163 2121 1363 2198 Christi
1416 2120 1760 2192 revelatione,
1809 2123 1880 2184 &3

143 2205 292 2267 nova*
312 2206 369 2264 in
408 2207 553 2268 nobis
580 2205 835 2266 creaturd
866 2205 1235 2287 justificemur,
1280 2202 1597 2263 luculenter
1639 2220 1884 2283 apparet

144 2306 218 2345 ex
254 2286 529 2365 praeclara
559 2286 656 2349 illa
687 2287 963 2366 Apostoli
990 2285 1285 2356 sententia,
1331 2283 1438 2364 ipfi
1476 2283 1615 2344 thesi
1645 2284 1877 2355 inclusa,

141 2366 221 2428 ad
269 2365 394 2427 Tit.
442 2368 520 2437 iii.
573 2388 630 2446 5,
671 2389 737 2429 ex
769 2370 880 2446 ficd
917 2367 1271 2447 mist'ricordid
1317 2368 1570 2444 servavit
1607 2386 1715 2435 nos,
1772 2382 1878 2443 per

144 2446 433 2509 lavacrum
481 2452 882 2533 regenerationis
923 2451 991 2511 &
1021 2450 1380 2509 renovationis
1409 2446 1640 2526 Spiritiis
1667 2448 1872 2517 Sancti,

143 2531 262 2592 ζέε.
348 2532 488 2614 Qo
536 2549 731 2592 autem
790 2530 991 2591 salvati
1035 2531 1245 2601 sumuS,
1312 2549 1385 2587 eo
1434 2530 1609 2587 etiam
1645 2527 1875 2606 (procul

144 2611 353 2691 dubio)
388 2609 686 2690 justificati
726 2615 935 2672 sumuS.
1020 2611 1100 2670 Et
1122 2612 1246 2670 haec
1266 2608 1385 2668 duo
1412 2611 1591 2684 verba
1635 2608 1746 2667 hoc
1787 2627 1876 2668 re-

135 2691 179 2750 s
243 2693 340 2751 &u
386 2692 706 2775 synonyma
739 2695 884 2754 sunt.
968 2693 1096 2751 Hic
1155 2690 1475 2771 Apostolus
1521 2688 1719 2768 aperte
1774 2689 1875 2748 ad-

145 2712 343 2833 gihit
387 2773 784 2835 immediatam
817 2772 1236 2852 justificationis
1273 2770 1498 2830 causam
1532 2770 1755 2830 interno
1785 2790 1871 2830 re·

145 2852 527 2933 generationis
573 2855 756 2935 operi,
801 2854 861 2913 id
889 2853 990 2923 est,
1041 2854 1171 2932 Jesu
1202 2850 1432 2912 Christo
1472 2850 1530 2910 in
1567 2849 1754 2911 anima
1785 2871 1871 2910 re-

147 2935 361 3003 velato,
405 2954 524 3015 quo
570 2933 894 2996 formaliter
940 2934 1135 2994 statuti
1171 2929 1359 2994 sumus
1400 2933 1456 2992 in
1483 2931 1874 3012 acceptatione

147 3035 284 3075 cum
315 3016 466 3086 Dec,
510 3016 804 3077 lavacrum
847 3014 1001 3076 enim
1045 3011 1483 3095 regenerationis
1517 3014 1736 3073 interna
1772 3012 1872 3073 illa

150 3096 235 3155 vis
270 3097 334 3156 &c
366 3095 549 3174 virtus
591 3098 694 3169 est,
776 3097 847 3157 ua
883 3096 1074 3156 anima
1116 3093 1446 3166 mundatur,
1490 3094 1766 3166 abluitur,
1808 3093 1874 3154 ὅτ

151 3177 364 3238 Christi
418 3174 636 3256 justitia
682 3178 739 3240 in
780 3175 933 3241 uitur
965 3201 984 3246 ;
1045 3176 1289 3258 ideoque
1335 3190 1696 3259 praeparatur
1741 3189 1876 3238 ante

152 3255 346 3329 Deum
386 3278 682 3342 apparere.

722 3371 724 3373 ·
1004 3338 1071 3401 N
1113 3359 1152 3414 4
1580 3337 1876 3412 Tnario,
