2086 3640
728 97 818 160 De
854 97 1259 177 Justificatione·
1732 110 1756 155 1
1770 111 1844 173 73

125 209 290 278 burn,
335 218 475 278 erat,
519 202 678 285 quod
717 203 799 264 est
838 217 1064 282 tempus
1106 198 1490 282 praeteritum‚
1542 213 1606 262 at
1630 193 1718 260 est⁴
1742 198 1858 259 im·

126 288 448 372 perfectum
490 302 740 356 tantum,
782 282 844 343 δε
886 303 1003 343 non
1043 283 1383 363 perfectum,
1428 283 1700 342 denotans
1730 298 1853 339 rem

126 370 545 450 perficientem,
608 364 704 426 sed
741 384 857 425 non
896 362 1228 443 perfectam.
1311 364 1455 423 Hoc
1509 383 1657 443 opus
1702 361 1858 423 enim

127 450 344 530 incepit
383 447 642 509 Christus
697 444 976 527 perficere
1020 444 1075 503 in
1124 446 1319 505 diebus
1368 444 1551 504 carnis
1597 445 1731 514 suae,
1791 441 1859 500 ὅτ

129 532 228 590 diu
263 547 452 590 antea.
537 529 700 590 Nam
750 525 1006 586 mediator
1038 540 1158 583 erat
1197 528 1266 585 ab
1307 529 1476 597 initio,
1522 526 1593 587 &2²
1621 545 1784 608 agnus
1818 525 1858 584 εὶ

117 614 414 695 jactamine
460 608 640 670 mundi
673 608 990 686 interfebtus.
1074 606 1184 664 Sed
1225 606 1282 664 in
1323 627 1491 665 carne
1539 607 1655 679 sua,
1702 605 1860 686 post-

130 713 307 771 quam
351 691 543 770 legem
589 689 653 749 &
689 686 969 768 justitiam
1013 682 1132 763 ejus
1179 686 1613 765 adimpleverat,
1667 688 1733 747 &
1759 696 1884 746 ve··'

133 773 258 831 lum
295 771 608 839 disciderat,
650 769 806 830 viam
845 767 920 826 ad
939 767 1283 846 ampliorem
1310 768 1372 825 δε
1400 768 1864 829 universaliorem

135 851 548 913 revelationem
589 848 894 929 Evangelii
918 847 980 906 &
1024 849 1245 925 Judaeo
1266 847 1329 906 &
1371 849 1587 909 Gentili
1614 847 1862 931 aperuit,

136 934 306 1012 seque
347 931 686 992 sacrificium
738 928 1264 1010 praestantiffimum
1314 949 1424 1009 pro
1471 949 1710 1010 peccato
1755 930 1869 990 ob«-

139 1015 295 1084 tulit,
341 1013 502 1092 quod
532 1013 603 1072 fit
628 1013 832 1071 efficax
871 1010 946 1070 ad
979 1009 1218 1069 salutem
1267 1010 1726 1078 omnibusillum
1776 1030 1870 1070 re·-

142 1095 501 1175 cipientibuS,
544 1092 849 1153 secundum
888 1090 1170 1151 internam
1211 1090 1328 1168 ejus
1355 1092 1780 1171 apparitionem
1808 1090 1870 1148 in

144 1176 339 1236 lumine
362 1177 460 1253 fito
492 1175 550 1234 in
594 1173 782 1233 corde.
867 1172 1110 1244 Deinde,
1155 1172 1248 1232 hic
1296 1172 1454 1231 locus
1491 1172 1870 1241 demonstrat,

143 1258 367 1317 nullam
405 1255 578 1316 aliam
606 1253 1124 1315 reconciliationem
1162 1253 1429 1333 intelligi,
1475 1252 1575 1312 nifi
1617 1253 1873 1315 oblatio--

143 1359 277 1396 nem
314 1358 385 1396 ex
429 1352 592 1416 parte
641 1335 774 1408 Dei,
837 1335 901 1394 &
947 1334 1421 1416 significationem
1457 1335 1773 1396 voluntatis
1811 1356 1876 1393 e-

137 1417 256 1496 jus,
321 1416 628 1497 recipiendi
672 1417 734 1475 &
781 1415 1140 1476 condonandi
1195 1415 1608 1497 poenitentibus
1661 1416 1872 1477 delicta

148 1499 551 1581 praecedentia,
615 1498 696 1559 ita
735 1513 803 1558 ut
841 1498 1121 1569 homineS,
1185 1519 1301 1557 non
1344 1498 1703 1559 obstantibus
1739 1518 1874 1577 pec·

149 1585 310 1651 catu,
353 1581 410 1639 in
448 1579 640 1640 salutis
675 1578 988 1659 capacitate
1016 1578 1185 1658 positi
1213 1579 1338 1638 fint.
1422 1580 1584 1639 Nam
1615 1579 1878 1659 Aposto-

154 1663 239 1721 lus
287 1661 549 1740 sequente
590 1661 752 1719 versu
781 1660 882 1729 ait,
917 1677 1020 1737 pro
1063 1661 1270 1736 Christo
1300 1681 1418 1740 ergo
1466 1659 1714 1741 legatione
1734 1664 1876 1741 fun-

148 1747 348 1823 gimur,
392 1754 645 1821 tanquam
676 1742 792 1801 Deo
830 1741 1138 1800 exhortante
1153 1759 1257 1818 per
1281 1763 1392 1814 nos,
1437 1743 1753 1819 obsecramus
1770 1760 1880 1820 pro

158 1824 387 1896 Christe,
432 1822 836 1882 reconciliamini
869 1823 1000 1882 Deo.
1087 1824 1245 1882 Nam
1269 1821 1311 1880 fi
1333 1822 1717 1883 reconciliatio
1749 1823 1879 1900 jam

157 1905 412 1983 perfecta
452 1902 688 1968 fuiffet3
750 1903 890 1982 quid
930 1923 1073 1983 opus
1109 1902 1440 1964 obsecrandi
1478 1924 1575 1963 eos
1623 1906 1878 1965 reconci-

159 1985 329 2044 liari:
387 2004 503 2043 non
551 1983 892 2044 emittuntur
927 1983 1102 2063 legati
1161 1984 1288 2063 post
1327 2004 1532 2064 pacem
1570 1984 1696 2065 jam
1745 2007 1884 2066 per-

157 2067 369 2126 sectam
410 2063 471 2121 &
521 2063 770 2136 finitam,
837 2065 1359 2124 reconciliationem
1391 2065 1625 2137 factam,
1679 2067 1740 2127 &
1769 2081 1881 2147 pro·

161 2143 620 2206 reconciliatione
674 2160 928 2217 oratum,
1001 2145 1111 2205 hoc
1157 2147 1310 2205 enim
1369 2149 1884 2210 contradictionem

161 2227 439 2307 implicat.
521 2227 780 2286 Secundo
801 2224 1080 2305 objiciunt
1117 2228 1341 2287 versum
1375 2247 1470 2287 21.
1502 2228 1751 2308 ejusdem
1788 2250 1887 2290 ca-

162 2310 316 2389 pitiS,
359 2330 495 2380 eum,
539 2311 629 2388 qui
662 2329 763 2368 non
798 2321 1023 2369 noverat
1050 2322 1345 2387 peccatum,
1381 2326 1485 2387 pro
1525 2313 1668 2371 nohis
1697 2329 1886 2391 pecca-

163 2403 277 2450 tum
301 2391 456 2470 fecit,
502 2402 563 2449 ut
596 2411 686 2450 nos
712 2389 1027 2467 efficeremur
1050 2392 1263 2472 justitia
1299 2393 1407 2450 Dei
1434 2396 1489 2455 in
1517 2395 1634 2470 ipso.
1711 2393 1891 2452 Unde

165 2486 642 2551 argumentantur
666 2495 684 2537 ;
714 2470 874 2551 quod
895 2470 1038 2530 ficut
1055 2488 1355 2552 peccatum
1378 2473 1636 2532 nostrum
1660 2472 1891 2534 Christo
1976 2480 1978 2482 ’

166 2552 506 2633 imputatur,
568 2549 669 2632 qui
710 2552 935 2611 nullum
962 2569 1262 2632 peccatum
1292 2552 1512 2622 habuit,
1559 2553 1636 2613 ita
1671 2552 1890 2632 justitia

169 2632 381 2693 Christi
415 2633 734 2712 imputatur
772 2633 959 2702 nobis,
1023 2634 1156 2692 licet
1206 2653 1307 2691 nos
1354 2653 1469 2692 non
1507 2631 1677 2694 fimus
1707 2632 1845 2713 justi
1867 2662 1891 2704 ς

172 2711 268 2773 ille
314 2730 583 2802 peccator
645 2730 770 2774 erat
822 2713 1188 2773 solummodo
1235 2713 1637 2791 imputatione,
1696 2717 1760 2775 δε
1817 2717 1894 2778 fic
1950 2750 1952 2752 >

173 2813 278 2854 nos
308 2793 447 2872 'Justi
485 2794 674 2853 sumus
700 2794 1066 2854 solummodo
1095 2793 1491 2872 imputatione.
1575 2798 1893 2875 Respondea,

175 2874 303 2934 talis
339 2874 731 2953 interpretatio
777 2873 942 2934 facile
988 2872 1240 2953 rejicitur
1277 2875 1337 2933 &
1367 2875 1689 2945 refutatur;
1732 2899 1892 2950 nam,

178 2954 311 3014 licet
339 2954 594 3014 Christus
632 2953 855 3015 dicatur
900 2956 962 3015 δε
1007 2954 1276 3015 sustuliffe
1315 2973 1549 3036 peccata
1578 2959 1790 3032 nostra,
1834 2962 1899 3021 δε

178 3056 290 3116 pro
330 3037 497 3096 nobis
524 3035 708 3115 passus
743 3035 872 3106 effe,
916 3036 977 3093 δε
1013 3035 1157 3102 inter
1198 3037 1455 3097 homines
1496 3057 1766 3117 peccator
1806 3061 1897 3102 re-

175 3132 429 3207 putatuS,
457 3116 520 3174 &
547 3115 694 3175 inter
720 3116 1144 3197 transgressores
1170 3136 1496 3179 numeratus
1519 3145 1536 3186 3
1566 3121 1722 3200 quod
1744 3123 1900 3182 Deus

182 3197 347 3262 illum
389 3213 755 3277 peccatorem
797 3197 1104 3278 reputavit,
1136 3200 1397 3258 nondum
1437 3202 1749 3280 probatum
1796 3204 1897 3264 est.

182 3271 410 3347 Dicitur
430 3277 605 3353 enim,
650 3279 810 3344 Heb.
849 3278 946 3339 vii.
981 3278 1075 3341 26.
1127 3300 1149 3339 1
1184 3280 1307 3342 Pet.
1334 3279 1387 3343 ii.
1415 3301 1508 3355 22.
1554 3285 1695 3377 quod
1714 3286 1903 3366 sonct-

1813 3387 1895 3438 m»
