2086 3640
264 123 345 184 74
590 94 1068 163 THESIS
1137 99 1669 182 QUARTA.

255 214 514 272 affirmat
553 207 877 269 naturalem
921 207 1216 267 hominem
1249 228 1366 267 non
1407 206 1704 288 percipere
1731 227 1816 281 ea,
1859 232 1992 294 quae

253 292 364 351 Dei
394 293 537 360 sunt,
584 307 690 348 nec
733 289 888 367 posse
929 309 994 347 ea
1031 288 1396 369 intelligere3
1441 309 1614 348 nemo
1657 296 1852 351 autem
1889 315 1986 353 ne-

249 372 420 452 gabit
462 372 653 448 legem
693 368 805 427 Dei
846 369 956 427 effe
997 390 1069 431 ex
1109 367 1193 441 iis,
1238 391 1369 450 quae
1411 369 1521 429 Dei
1562 369 1709 442 sunt,
1752 376 1986 450 praeser-

248 452 355 511 tim
406 466 471 509 ut
531 450 589 508 in
653 449 829 508 corde
886 450 1098 531 scripta
1158 451 1254 510 est.
1345 451 1666 531 Apostolus
1715 469 1839 532 cap.
1887 455 1983 515 vii.

245 532 492 609 ejusdem
554 531 629 590 ad
668 531 847 590 Rom.
912 531 1188 612 Epistolae
1242 531 1342 604 ait,
1407 552 1526 592 ver.
1587 551 1676 592 12.
1722 534 1859 613 quod
1899 535 1990 595 lex

233 615 312 691 stt
367 613 581 689 sanda,
639 613 792 694 justa
839 612 908 674 δέ’
964 615 1119 686 bona,
1182 614 1242 673 ὅτ
1284 633 1402 672 ver.
1456 635 1546 688 14.
1590 615 1726 693 quod
1777 615 1864 675 lex
1910 619 1991 695 fit

225 694 553 772 spiritualis,
584 694 684 771 fied
723 696 823 773 ipsb
866 695 1122 756 carnalis.
1208 698 1349 778 Qo
1387 710 1583 754 autem
1622 696 1875 776 respectu
1903 697 1988 756 di-

244 774 451 833 cendus
493 775 575 834 est
618 776 942 856 Apostolus
983 776 1242 847 carnalis,
1289 774 1393 835 nis1
1432 791 1708 854 quatenus
1743 776 1801 836 in
1823 777 1878 837 la
1921 778 1981 838 su

238 855 395 916 stetit
434 877 552 921 non
595 859 1004 936 regeneratus?
1054 861 1344 934 Quaenam
1372 871 1568 915 autem
1597 854 1749 917 foret
1788 859 1864 918 ab
1887 879 1984 917 ur-

237 937 407 1009 ditm,
454 937 643 1000 dicere
684 939 985 998 hominem
1027 943 1136 1001 effe
1177 936 1491 1008 carnalem,
1536 958 1653 997 non
1695 953 1888 998 tamen
1908 960 1980 999 ex
2081 941 2086 944 “

237 1020 442 1079 natura
484 1019 598 1090 sua,
654 1023 791 1079 cum
833 1021 862 1077 a
909 1019 1110 1080 natura
1150 1020 1241 1079 sua
1283 1019 1731 1079 denominetur?
1799 1019 1977 1080 Vide-

237 1120 365 1158 mus
408 1102 769 1180 Apostolum
811 1101 1356 1181 contradistinguere
1399 1100 1588 1180 legem
1630 1099 1982 1180 spiritualem

239 1179 269 1237 a
298 1182 499 1241 natura
532 1183 742 1243 carnali
783 1183 1182 1263 &peccatrice
1224 1180 1487 1244 hominis,
1532 1182 1694 1241 Sicut
1717 1181 1979 1243 Christus

236 1263 319 1320 ait
359 1263 430 1322 de
468 1263 634 1343 spinis
675 1286 793 1324 non
835 1265 1037 1345 colligi
1074 1285 1233 1335 uvaS,
1279 1283 1384 1323 nec
1426 1262 1499 1320 de
1541 1262 1766 1323 tribulis
1788 1247 1932 1324 fich
1956 1290 1978 1333 ς

235 1344 460 1404 Matth.
505 1345 598 1405 vii.
662 1346 752 1406 16.
799 1346 878 1405 ita
920 1367 1102 1427 neque
1143 1344 1284 1426 legis
1325 1343 1672 1415 obedientia,
1718 1365 1850 1442 quae
1871 1344 1981 1424 spi-
2069 1399 2071 1402 .

237 1424 475 1496 ritualiS,
521 1426 708 1486 sancfta
748 1427 810 1486 δε
845 1427 992 1503 justa
1030 1426 1132 1498 est,
1178 1425 1467 1507 expfflari
1507 1425 1695 1505 potest
1737 1446 1768 1482 a
1812 1443 1979 1486 natu·
2063 1426 2070 1434 '

234 1505 296 1562 ra
342 1504 608 1577 hominiS,
675 1529 808 1586 quae
850 1523 1126 1587 corrupta
1166 1508 1227 1566 &
1268 1506 1422 1588 lapsa
1469 1506 1573 1578 est,
1618 1506 1680 1565 8τ
1726 1503 1975 1586 degene-

232 1586 403 1646 ravit.
490 1587 577 1646 Ita
598 1603 666 1647 ut
689 1588 833 1648 bene
864 1587 1294 1660 concludamuS‚
1343 1603 1632 1659 naturam,
1681 1607 1838 1667 cujus
1865 1587 1978 1648 hoc

234 1668 368 1727 loco
410 1667 672 1730 meminit
714 1669 1056 1749 ApostoluS,
1105 1670 1216 1748 qua
1259 1684 1459 1749 gentes
1479 1667 1748 1728 dicuntur
1788 1668 1976 1729 facere
2052 1668 2066 1683 ““

233 1770 321 1819 ea,
369 1771 502 1831 quae
542 1750 686 1830 legis
724 1751 871 1822 sunt,
936 1771 1053 1811 non
1094 1751 1203 1810 effe
1247 1769 1622 1819 communem
1661 1748 1976 1811 hominum
2068 1770 2072 1773 ’

230 1847 521 1902 naturam,
585 1831 680 1890 sed
720 1832 1074 1912 spiritualem
1122 1849 1413 1901 naturam,
1481 1851 1611 1912 quae
1673 1850 1746 1892 ex
1797 1851 1976 1912 opere

230 1911 536 1990 spiritualis
577 1912 636 1970 δε
670 1912 838 1991 justae
879 1913 1020 1993 legis
1058 1914 1115 1972 in
1165 1913 1341 1974 corde
1382 1913 1611 1993 scriptae
1670 1913 1971 1994 procedit:

230 1990 417 2053 fateor
458 2015 575 2065 eos,
643 1994 741 2074 qui
781 1995 1028 2056 alterum
1094 2010 1423 2054 extremum
1465 2010 1682 2066 tenent,
1745 1994 1977 2076 quando
2060 2005 2061 2009 ’

231 2074 345 2139 hoc
388 2075 713 2136 testimonio
755 2076 784 2133 Ξι
831 2076 1139 2137 Socinianis
1194 2077 1256 2135 &
1300 2075 1621 2154 Pelagianis
1665 2081 1756 2152 (ut
1794 2075 1971 2137 etiarn
2053 2148 2061 2156 ι

228 2154 260 2212 ὲ
312 2156 536 2228 nostris,
602 2157 831 2237 quando
879 2158 990 2217 hoc
1031 2157 1358 2218 testimonio
1407 2157 1778 2230 ostendimuS,
1824 2178 1969 2238 quo·
2048 2157 2057 2211 s

233 2237 412 2296 modo
453 2260 524 2298 ex
564 2239 828 2317 gentibus
876 2239 1053 2319 aliqui
1094 2239 1307 2299 lumine
1351 2236 1562 2298 Christi
1603 2239 1660 2298 in
1689 2238 1864 2299 corde
1888 2239 1971 2300 sa-
2046 2262 2053 2309 j

228 2317 414 2379 lutem
456 2320 648 2399 adepti
692 2319 823 2400 sint)
866 2337 1230 2402 premuntur,
1275 2321 1338 2379 &
1377 2319 1452 2380 ad
1474 2319 1758 2400 angustias
1799 2321 1969 2381 redu-

229 2416 462 2472 cuntur,
510 2401 868 2480 respondere,
915 2402 1184 2483 quasdam
1235 2401 1496 2481 reliquias
1540 2401 1784 2462 coelestis
1822 2402 1968 2462 irna-

230 2480 381 2560 ginis
417 2481 474 2541 in
513 2482 754 2542 Adamo
790 2483 1012 2543 relietas
1061 2485 1186 2544 effe.
1272 2483 1385 2543 Sed
1432 2503 1567 2543 cum
1616 2483 1732 2542 hoc
1759 2483 1970 2563 absque
2040 2560 2041 2564 Ἰ

230 2563 572 2641 probatione
634 2565 991 2626 affirmatum
1042 2564 1132 2636 fit,
1196 2564 1277 2623 ita
1337 2564 1399 2622 &
1454 2564 1617 2624 dietis
1683 2563 1790 2624 suis
1831 2563 1969 2625 alibi

229 2645 587 2716 contradicit,
634 2666 751 2724 quo
793 2645 966 2706 etiam
1010 2645 1234 2706 causam
1264 2646 1422 2705 suam
1466 2645 1785 2706 amittunt:
1829 2667 1966 2705 nam

230 2718 273 2781 fi
317 2724 422 2786 illis
461 2726 704 2806 reliquiis
747 2727 962 2807 justam
1010 2726 1121 2786 Dei
1163 2726 1355 2805 legem
1399 2726 1716 2808 adimplere
1760 2742 1966 2807 potue-

228 2804 362 2878 rint,
407 2808 499 2867 vel
552 2807 758 2867 Christi
807 2808 1082 2869 adventus
1130 2828 1247 2867 non
1295 2806 1405 2867 fuit
1452 2808 1801 2879 neceffariuS‚
1863 2808 1956 2869 vel

230 2886 342 2946 s1ne
389 2887 493 2950 illo
537 2889 799 2949 homines
847 2890 1088 2951 salutem
1137 2889 1399 2968 consequi
1481 2905 1798 2957 otuerunt3
1857 2889 1963 2950 nisi

228 2967 440 3040 dicant,
487 2970 646 3050 quod
694 2971 878 3031 adhuc
919 2974 1228 3051 peffimum
1267 2970 1370 3040 est,
1444 2970 1574 3031 uisse
1607 2971 1744 3031 illos·
1772 2970 1959 3030 horni-
1994 2976 1997 2979 “

227 3070 323 3107 nes
352 3051 651 3118 damnatos
694 3052 853 3128 (licet
878 3052 1070 3132 legem
1113 3051 1582 3132 adimpleverint)
1623 3050 1784 3132 quod
1809 3049 1957 3110 illius

227 3128 524 3208 singularis
561 3133 804 3193 scientiae
842 3133 936 3208 (de
986 3133 1215 3193 Christo
1242 3133 1465 3211 futuro)
1507 3133 1691 3213 ignari
1717 3131 1952 3199 fuerint,

225 3229 402 3288 quam
450 3211 734 3274 scientiam
784 3215 941 3279 Deus
981 3213 1112 3296 ipsis
1159 3215 1571 3297 impoffibilem
1609 3210 1760 3272 fecit.
1844 3212 1956 3271 Sed

228 3289 299 3350 de
342 3291 453 3352 hoc
502 3293 711 3372 postea.
1661 3371 1714 3435 Π

1630 3374 1656 3436 1
1721 3419 1733 3435 .
1780 3375 1952 3436 Amo
