2086 3640
243 63 320 142 98
443 48 816 115 THESIS
859 42 1275 126 QUINTA
1308 42 1378 106 εξ
1421 41 1765 104 SEXTA.

247 161 308 223 re
330 160 661 220 docuerunt.
749 147 1367 228 Pelagianihominum
1395 148 1640 210 arbitrio
1661 147 1725 207 &
1750 162 1976 211 naturae

246 258 438 303 totum
456 236 864 301 attribuerunt,
910 246 1180 309 negantes
1208 228 1467 290 homines
1486 231 1563 289 ab
1587 229 1830 290 Adamo
1851 251 1976 290 ma-

248 323 371 384 lum
412 319 597 377 ullum
644 314 832 374 semen
873 311 1115 374 trahere.
1198 310 1642 392 Semipelagiani
1693 309 1853 389 quast
1903 331 1982 371 ex
2075 303 2086 323 ·.

249 398 458 462 merito
482 395 633 457 recte
656 408 882 454 naturae
911 392 1023 451 suae
1041 392 1259 453 viribus
1276 392 1485 452 utentis
1507 391 1728 451 donum
1749 390 1858 450 effe
1874 411 1977 450 au-

250 480 553 541 tumabant
578 501 596 543 ;
626 472 935 536 secundum
963 473 1168 532 tritum
1197 473 1436 533 illorum
1464 472 1718 543 axioma,
1750 473 1985 551 facienti
2074 486 2079 491 '

250 560 388 642 quod
422 561 478 619 in
519 562 581 637 fi*
632 557 705 633 est
740 555 889 615 Deus
943 575 1044 614 non
1085 554 1299 635 denegat
1337 557 1595 634 gratiam.

331 641 501 702 HAEc
549 635 899 717 August-im,
946 635 1252 716 Prospere,
1297 633 1358 694 &
1385 634 1506 695 aliis
1532 632 1871 714 quibusdam
1910 654 1987 698 ex

249 720 543 782 veteribus
588 716 946 779 occasionem
992 714 1317 797 praebuere,
1383 735 1520 775 cum
1568 714 1733 776 enixe
1780 733 1986 789 contra
2084 749 2086 753 .

252 801 596 882 Pelagianos
618 800 948 861 laborarent
974 798 1225 877 gratiam
1247 794 1503 856 divinam
1524 795 1985 876 magnificantes,

251 884 316 944 δε
357 898 580 944 naturae
617 881 884 942 humanae
911 879 1131 940 innatas
1160 876 1556 958 corruptiones
1603 875 1985 950 declarantes,

253 965 417 1036 dum,
463 979 529 1025 ut
575 959 689 1024 fert
714 957 1007 1041 adagium,
1054 979 1298 1019 curvum
1320 958 1597 1019 baculum
1636 957 1986 1038 detorquere
2076 947 2081 955 ¹

257 1044 580 1117 studebant,
624 1045 700 1105 ad
727 1042 882 1103 aliud
909 1058 1239 1102 extremum
1265 1040 1590 1101 inclinandi.
1673 1039 1991 1100 Reforma-

258 1140 411 1186 tores
454 1141 672 1197 autem,
718 1124 1029 1194 LutheruS,
1073 1123 1136 1181 &
1175 1120 1297 1192 alii,
1343 1122 1485 1180 dum
1535 1119 1988 1182 Pontificiorum

256 1227 480 1268 errores
502 1207 573 1266 de
594 1207 780 1266 libero
803 1204 1061 1274 arbitrio,
1106 1203 1169 1262 &
1189 1203 1260 1262 de
1277 1203 1478 1264 n‘aturfi
1514 1203 1575 1262 δι
1604 1200 1790 1282 gratia
1839 1201 1994 1263 refu-

259 1302 469 1360 tarent,
515 1285 827 1367 Augustini
855 1302 1311 1364 caesterorumque
1341 1285 1582 1343 illorum
1628 1282 1792 1341 dietis
1833 1282 1990 1354 freti,

259 1368 366 1427 eos
397 1389 467 1429 ue
490 1368 717 1438 imltatl,
760 1366 817 1426 in
834 1367 1079 1427 eundem
1107 1385 1387 1436 errorem,
1432 1364 1632 1424 eidem
1669 1362 1991 1436 occasione,
2025 1399 2027 1402 ·
2071 1389 2079 1404 ··

262 1468 375 1528 pro
400 1448 521 1529 apfi
549 1449 676 1508 sunt
700 1473 720 1514 3
762 1467 937 1527 quem
987 1463 1181 1507 tamen
1229 1445 1429 1527 postea
1471 1446 1811 1517 Lutherani,
1856 1466 1995 1505 cum

260 1529 633 1589 observarent
680 1527 991 1587 Calvinum
1039 1527 1184 1586 hanc
1222 1547 1348 1585 rem
1365 1528 1822 1619 'prosequentem
1870 1526 1996 1607 (qui

262 1629 398 1670 cum
425 1611 560 1670 ess'et
594 1607 686 1668 vir
713 1608 904 1668 subtili
941 1608 1003 1667 ὅτ
1043 1607 1337 1688 profundo
1355 1607 1600 1685 Judic10,
1645 1607 1996 1688 prospiciens

261 1690 374 1771 qua
398 1689 707 1783 appulerit,
750 1689 950 1770 aperte
977 1689 1235 1748 declarat
1254 1688 1463 1761 media,
1507 1692 1568 1752 ὅτ
1585 1687 1718 1748 inde
1737 1705 1997 1769 peccata,

262 1771 294 1830 a
321 1773 451 1833 Deo
487 1772 750 1832 ordinata
790 1771 899 1831 effe
945 1770 1089 1830 ficut
1129 1769 1331 1843 finem,
1375 1769 1461 1841 δε,
1505 1770 1582 1829 ad
1626 1770 1777 1830 hunc
1818 1771 1997 1832 finem
2068 1779 2074 1789 ·’

264 1853 750 1934 prosequendum,
795 1852 990 1912 Deum
1012 1851 1272 1911 homines
1308 1851 1382 1911 ad
1410 1850 1769 1931 peccandum
1804 1852 1868 1912 &
1899 1873 1996 1912 or-

267 1934 464 1995 dinare
503 1933 566 1993 &
605 1933 874 2004 excitare,
917 1934 1075 2012 quod
1115 1932 1280 1992 enixe
1327 1934 1580 2012 probare
1612 1941 1880 2014 conatur)
1934 1934 2000 1999 &

267 2035 404 2075 cum
423 2015 588 2076 nullo
615 2015 798 2074 modo
837 2014 1041 2075 evitari
1067 2015 1222 2094 poss'e
1244 2012 1436 2073 Deum
1460 2014 1572 2073 hoc
1593 2014 1774 2075 modo
1795 2035 2000 2095 pecca-

269 2096 314 2155 ti
332 2097 635 2157 authorem
666 2096 792 2156 fieri
813 2095 1355 2166 animadverterent,
1400 2092 1564 2173 hujus
1584 2094 1869 2175 opinionis
1889 2096 1998 2157 fal-

270 2175 495 2237 fitatem
525 2177 804 2247 videnteS,
848 2176 1161 2247 deseruere,
1204 2192 1271 2236 ut
1311 2197 1384 2236 ex
1427 2175 1840 2256 posterioribus
1860 2177 1997 2238 Phi-

270 2258 419 2339 lippi
441 2257 871 2320 Melancthonis
900 2257 1119 2339 scriptis
1159 2278 1234 2338 ap
1277 2272 1418 2318 aret.
1501 2256 1584 2317 Et
1603 2256 1662 2317 in
1683 2258 2002 2351 Colloquio

271 2339 800 2420 Mompelgartensi
822 2340 1014 2399 Lucas
1043 2339 1218 2400 Ofian
1263 2357 1346 2412 er,
1389 2359 1462 2399 ex
1502 2338 2003 2420 colloquutoribus

272 2439 439 2492 unm,
483 2420 518 2455 ³*
540 2422 677 2481 hanc
715 2421 1009 2480 dominam
1048 2424 1287 2499 impiam,
1351 2421 1462 2502 qud
1500 2421 1650 2481 Deus
1669 2427 1877 2500 peccati
1901 2445 2002 2492 au-

273 2502 396 2564 thor
409 2504 496 2578 fit,
541 2502 612 2563 &
639 2497 942 2563 hor'ribilem
971 2500 1388 2583 horrendamque
1406 2501 1798 2581 blasphemiam,
1821 2519 1998 2567 vocat.

2065 2566 2071 2583 ὴ
2051 2491 2072 2556 ἶν’-’τ
2056 2435 2075 2479 us·
2056 2050 2086 2400 ⁹2›§rmza-myt2
2063 1968 2077 2038 ωτι-α
2064 1939 2077 1956 x,

356 2584 496 2644 SED
540 2581 696 2663 quia,
761 2582 860 2662 qui
927 2583 1073 2643 hanc
1128 2582 1504 2644 universalem
1545 2583 2002 2666 redemptionem
2060 2584 2071 2634 ἶ“·’

249 2664 644 2725 affirmarunt
681 2664 709 2721 ὃ
747 2662 1174 2724 reformationis
1216 2679 1507 2744 tempore,
1551 2684 1657 2725 nec
1673 2665 2003 2728 distinftum

279 2762 384 2804 nec
403 2746 625 2805 clarum
646 2745 1035 2804 testimonium
1056 2744 1284 2817 dedere,
1326 2745 1630 2825 quomodo
1653 2746 1817 2826 hujus
1845 2768 2006 2809 mor-
2051 2803 2054 2811 .

280 2825 351 2884 tis
389 2825 735 2886 beneficium
762 2827 1032 2889 omnibus
1059 2827 1552 2888 communicatum
1596 2826 1687 2898 fit,
1733 2829 1866 2890 ideo
1905 2830 2008 2891 de-
2060 2846 2062 2879 ῑ

281 2904 586 2966 fueruntin
608 2906 837 2987 copiose
879 2908 942 2966 ὅτ
978 2908 1171 2988 ample
1209 2907 1560 2987 evangelicae
1587 2908 2006 2989 dispensationis
2071 2927 2074 2932 ·

283 2986 692 3066 perfeffionem
713 2987 1079 3060 declarandO,
1122 2989 1332 3068 aliique
1352 2989 1407 3048 in
1436 2989 1726 3058 erroribus
1756 2990 1866 3049 suis
1891 2989 2004 3050 hoc

284 3065 508 3129 defectu
531 3068 714 3148 magis
733 3070 1095 3132 corroborati
1108 3070 1235 3132 sunt
1255 3095 1276 3138 3
1337 3071 1499 3151 quod
1537 3090 1655 3133 uno
1674 3070 1788 3131 hoc
1806 3089 2005 3131 exem-

1874 3152 2004 3232 ple,

357 3322 393 3384 Ξ
422 3322 547 3386 Epis.
579 3322 711 3383 Htst·
736 3323 955 3391 ecclefiass.
973 3332 1098 3393 Luca
1117 3327 1413 3393 ostana-cem.
1433 3327 1511 3376 16.
1541 3322 1802 3390 lib.4.cap.
1831 3315 1997 3375 xxxii.
2055 3293 2060 3298 ⁵
