2086 3640
736 96 828 156 De
864 94 1268 174 Justificatione.
1740 123 1763 161 1
1779 106 1807 160 8
1824 119 1848 159 1

134 215 157 244 6
169 200 611 286 justificationem,
644 208 912 282 vquotquot
951 224 1015 260 ex
1064 204 1270 279 Christo
1301 203 1451 281 stant,
1512 201 1754 273 adduxit,
1798 196 1859 263 ut

136 296 157 324 ‘
185 286 334 344 Deus
359 286 482 365 jam
500 283 620 342 mis
653 304 755 343 non
787 281 959 360 solum
980 283 1050 343 &²
1081 284 1237 355 Adce,
1283 285 1353 344 δέ
1367 286 1471 361 sua
1500 287 1722 363 ipsorum
1733 299 1856 362 pec-

134 378 155 405 ‘
182 379 307 424 cata
344 366 617 444 remiserit,
644 363 745 442 sed
765 365 1023 442 Spiritum
1061 365 1232 442 stmul
1266 365 1544 425 donaverit
1575 365 1761 443 solidae
1793 386 1858 425 ac

135 459 154 486 ‘
173 449 428 525 perfecta·
451 447 694 528 justitia,
737 447 829 525 qui
853 446 1129 523 conformes
1156 468 1247 505 n‘s
1286 446 1474 506 reddat
1500 450 1716 527 imagini
1732 450 1856 525 pri-

135 540 156 568 ‘
182 530 436 608 mogeniti.
520 525 602 585 Et
641 524 716 585 ad
753 525 932 584 verba
970 542 1075 602 per
1131 527 1400 603 Christum
1456 529 1658 605 Jesum.
1743 529 1859 588 Hoc

135 620 155 648 ‘
185 630 378 688 quoque
402 605 608 687 semper
645 608 923 689 cogitamus
964 607 1192 685 (inquit)
1228 620 1388 667 totum
1427 610 1629 685 Christi
1666 610 1858 684 benefi-

133 701 154 728 ‘
181 693 319 748 cium
355 690 456 747 huc
476 692 765 766 pertinere,
810 700 871 747 ut
890 688 1112 768 justitiae
1141 688 1267 746 dono
1297 688 1589 765 polleamus
1625 692 1765 750 recle?
1785 690 1857 752 &

131 781 153 808 ‘
180 769 363 829 ordine
397 771 657 840 viventes,
702 771 840 829 omni
877 771 1082 828 virtute
1119 772 1318 838 ornati,
1365 771 1454 828 hoc
1494 773 1584 846 est,
1618 771 1694 830 ad
1718 773 1856 831 ima-

131 862 152 889 ‘
172 854 348 931 ginem
363 851 474 909 Dei
493 851 734 926 restituti.
779 849 862 908 Et
887 849 1147 928 denique,
1175 849 1316 909 Gul.
1348 851 1652 910 Forbefius
1676 852 1856 911 Com-

126 932 383 1012 patriota
423 932 636 1003 noster,
661 929 1104 1009 Edinburgenfis
1137 930 1476 1010 Episcopu3,
1518 932 1572 990 in
1601 931 1858 992 confide-

129 1010 445 1074 rationibus
493 1011 600 1071 suis
640 1010 908 1072 modestis
949 1011 1020 1070 de
1077 1011 1354 1090 Justifica.
1401 1012 1500 1072 lib.
1547 1032 1599 1070 2.
1641 1034 1765 1091 cap.
1796 1035 1854 1088 4.

127 1094 276 1153 Sest.
310 1098 364 1154 8.
396 1093 493 1153 ait.
563 1104 581 1131 ‘
612 1093 724 1153 Imo
762 1093 1163 1173 quandocunque
1202 1094 1482 1171 Scriptura
1520 1095 1668 1170 facit
1713 1116 1857 1152 men-

133 1186 153 1212 ‘
180 1179 367 1235 tionem
395 1176 463 1235 de·
478 1175 848 1255 justificatione
869 1176 1016 1252 impii
1052 1196 1226 1234 coram
1255 1175 1390 1244 Deo,
1435 1186 1495 1232 ut
1528 1174 1769 1254 loquitur'
1785 1175 1855 1234 B.

130 1266 152 1294 ‘
182 1255 411 1326 Paulus,
472 1255 542 1315 ἔθ’
583 1277 647 1315 ex
685 1255 779 1316 illo
804 1256 1017 1334 paffim‚
1061 1268 1268 1334 prceter
1309 1255 1460 1325 alios,
1510 1256 1854 1337 Augustinus,

130 1337 492 1417 ‘justificandi
538 1337 761 1398 verbum
821 1337 1097 1417 neceffario
1143 1339 1449 1419 fignificare
1494 1358 1594 1407 non
1649 1351 1858 1397 tantum

127 1428 151 1455 6
163 1419 370 1498 justum
399 1422 758 1496 pronunciare
796 1441 937 1479 more
955 1421 1178 1498 forenst‚
1216 1412 1316 1497 sed
1352 1419 1422 1479 ἐξ
1447 1420 1642 1477 revera
1674 1419 1741 1479 &
1772 1421 1856 1477 in·
1936 1434 1940 1442 s

131 1511 151 1539 ‘
180 1499 447 1559 haerentir
471 1502 675 1581 justum
699 1503 908 1580 face-re,
939 1523 1003 1560 ex
1044 1523 1097 1560 eo
1126 1514 1303 1578 patet,
1356 1500 1497 1580 quod
1526 1502 1675 1560 Deus
1695 1499 1858 1559 aliter
1935 1544 1939 1547 -

126 1591 152 1618 6
165 1580 414 1657 justificet
448 1583 688 1659 impium,
713 1584 872 1662 quam
892 1585 1089 1641 terreni
1112 1581 1330 1661 judices.
1378 1580 1479 1638 Ille
1499 1585 1632 1640 enim
1653 1580 1859 1660 quando

130 1673 154 1699 6
179 1664 400 1739 impium
434 1664 775 1742 injustumque
795 1664 1073 1742 justificat,
1105 1664 1424 1739 pronunciat
1449 1662 1651 1740 quidem
1680 1661 1853 1733 illum,

127 1752 153 1780 6
180 1742 403 1822 quod&
433 1742 491 1803 hi
521 1746 760 1822 faciunt,
790 1744 891 1820 sed
904 1742 1298 1821 pronunciando
1317 1745 1539 1824 justum,
1592 1747 1715 1823 quia
1751 1746 1857 1824 ejus

126 1823 424 1904 ‘judicium
461 1825 532 1901 cst
554 1824 837 1903 secundum
876 1830 1177 1896 veritatem,
1214 1824 1385 1901 stmul
1407 1826 1551 1902 facit
1590 1824 1743 1884 illum
1791 1845 1858 1884 ex

128 1913 150 1941 6
180 1906 366 1987 injusto
423 1907 621 1965 revera*
665 1907 889 1986 justum,
962 1905 1100 1985 quod
1147 1907 1204 1964 hi
1235 1907 1422 1984 facere
1470 1925 1570 1964 non
1627 1906 1854 1985 pofficnt.

126 1983 210 2044 Et
231 1986 415 2046 rursus
439 1985 575 2046 ibid.
606 1986 944 2066 respondens
978 1985 1344 2065 rigidioribus
1375 1984 1853 2058 ProtestantibUS,

119 2065 464 2137 dicentibuS‚
527 2065 687 2146 quod
734 2066 888 2126 Deus
929 2067 1087 2147 prisis
1140 2065 1440 2144 justificat,
1487 2067 1618 2147 pbst
1671 2065 1856 2147 justos

120 2146 284 2218 facit,
332 2146 640 2228 subjungit.
731 2158 750 2185 ‘
777 2148 884 2207 Sed
915 2148 1173 2218 viderint,
1206 2169 1270 2207 ne
1291 2149 1459 2207 nimici
1496 2150 1600 2224 istd
1637 2152 1740 2208 imo
1770 2152 1855 2210 in·

127 2240 148 2269 6
178 2231 272 2288 ani
294 2229 611 2307 ficbtilitate‚
658 2230 947 2307 Scripturis
995 2230 1063 2291 ξεῖ
1096 2229 1356 2289 Patribus
1382 2229 1547 2307 plani
1567 2233 1851 2312 incognitd,

54 2342 58 2343 ff
128 2321 149 2350 ‘
170 2310 372 2386 pondus
392 2310 461 2373 &
502 2310 805 2391 dignitatem
831 2314 971 2371 tanti
1005 2312 1177 2370 divini
1205 2312 1452 2386 beneficii,
1487 2312 1556 2373 &
1588 2325 1856 2390 tantopere

125 2404 151 2431 6
180 2394 235 2450 in
274 2392 561 2469 Scripturis
600 2391 867 2463 celebrati,
897 2393 1284 2474 justificationis
1314 2392 1514 2469 scilicet
1561 2397 1707 2470 impii
1751 2397 1854 2453 mi-

131 2485 152 2512 ‘
180 2485 351 2533 nuant
390 2474 459 2535 ΕΒ
501 2472 720 2533 elevent.
804 2475 863 2533 Si
898 2478 1034 2533 enim
1056 2474 1130 2533 ad
1150 2476 1537 2555 justificationis
1576 2477 1723 2551 impii
1726 2477 1853 2554 for-

131 2566 151 2593 6
182 2554 372 2613 malem
412 2557 667 2614 rationem
688 2575 788 2614 non
824 2558 1028 2614 omnino
1056 2557 1282 2633 spectat,
1328 2569 1387 2613 ut
1416 2560 1494 2613 ita
1516 2554 1723 2634 loquar,
1752 2559 1852 2637 ju-

130 2646 151 2672 ‘
178 2636 424 2712 liifaciio,
451 2638 506 2694 in
514 2638 797 2713 peccatoris
826 2639 989 2716 igitur
1013 2637 1398 2714 justificatione,
1426 2640 1667 2714 quamvis
1686 2638 1850 2717 justi-

132 2726 152 2752 ‘
167 2716 392 2789 ficatur,
436 2719 670 2795 inquam,
696 2737 796 2775 non
823 2716 1034 2775 tollitur
1062 2719 1264 2794 peccati
1291 2716 1520 2784 macula,
1553 2718 1652 2794 st’d
1673 2721 1851 2780 eadem

131 2808 152 2834 6
182 2800 237 2855 in
257 2794 400 2855 illius
429 2797 613 2856 animd
635 2796 805 2856 adhuc
838 2798 1075 2865 inhaeret,
1106 2797 1247 2873 ficut
1266 2809 1389 2855 ante
1410 2798 1848 2878 justificationem.

131 2890 152 2915 6
183 2877 357 2956 Atque
379 2877 482 2953 stc,
522 2897 622 2936 non
661 2878 882 2953 obstanti
917 2878 1302 2956 justificationis
1343 2879 1595 2954 beneficio,
1649 2895 1845 2955 manet,

133 2970 152 2995 6
167 2960 308 3035 ficut
348 2970 525 3027 antea,
568 2959 782 3038 injustus
823 2958 892 3019 &⁹
922 2970 1182 3035 peccator,
1237 2959 1473 3047 nihilque
1518 2961 1671 3027 aliud
1706 2963 1849 3028 tolli-

133 3049 153 3076 ‘
182 3053 295 3108 tur,
341 3040 499 3117 quam
528 3050 725 3107 reatus,
772 3037 887 3097 five}
925 3037 1166 3119 obligatio
1204 3039 1280 3098 ad
1302 3057 1513 3116 paenam
1537 3043 1606 3102 &
1626 3043 1843 3123 offensa,

133 3130 153 3158 6
183 3133 337 3200 atque
363 3122 637 3179 inimicitia
662 3120 772 3179 Dei
789 3134 893 3199 per
930 3140 1029 3179 non
1069 3122 1475 3197 imputationem.
1554 3124 1848 3202 Scriptum·

132 3210 156 3239 6
182 3212 380 3273 tamen,
423 3213 483 3260 ut
499 3200 568 3261 &³
596 3212 801 3279 patres,
834 3203 888 3260 in
909 3199 1275 3281 justificatione
1283 3206 1590 3280 peccatoris,
1634 3227 1734 3266 non
1758 3209 1847 3285 fh-

31 3347 34 3350 ,
130 3292 155 3320 6
179 3280 295 3342 lom
321 3294 544 3364 peccata
579 3284 797 3356 remitti,
838 3280 1140 3425 condbolnari,
1182 3286 1305 3369 tegi,
1349 3306 1458 3358 non‘
1484 3289 1739 3371 imputari
1759 3291 1849 3368 af-

85 3397 106 3424 ,
967 3427 973 3433 ,
1045 3383 1078 3451 3
1569 3371 1803 3447 firmant
1826 3394 1848 3438 ς
