2086 3640
271 87 388 149 130
489 61 851 124 THESIS
895 54 1424 141 QUINTA&
1465 59 1817 124 SEXTA.

247 179 373 260 jam
411 173 629 232 vocavit
650 166 836 243 filium
872 165 1043 225 lumen
1081 185 1290 235 verum,
1363 165 1400 223 ἂ
1441 187 1538 247 quo
1571 165 1870 242 affirmavit
1922 184 1987 226 u-
2066 166 2068 173 ’

264 267 638 333 uumquemque
697 250 952 307 hominem
1006 249 1296 307 venientem
1344 247 1400 305 in
1441 246 1690 306 mundum
1718 247 1813 326 effe
1858 246 1990 307 illu-

267 340 571 398 minatum3
615 333 773 390 etiam
818 327 975 387 illum
1023 329 1079 387 in
1106 326 1295 387 mundo
1319 328 1502 407 fuiffi’,
1548 327 1893 408 mundumque
1919 328 1991 388 ab

266 416 359 477 illo
379 417 613 493 fat‘tum.
699 410 875 485 Potest
903 411 1068 490 igitur
1085 411 1199 490 quis
1225 409 1481 488 objicere3
1543 410 1602 468 Si
1640 408 1863 468 verbum
1881 409 1994 468 Dei
2060 422 2079 486 J

270 498 445 555 lumen
494 495 582 570 est,
636 491 705 552 ἔθ’
747 492 802 568 fi
851 491 942 549 hoc
991 490 1164 550 lumen
1202 488 1360 548 corda
1399 491 1664 550 hominum
1701 488 1992 558 illuminat,

257 580 607 655 pietatemque
648 570 717 635 &
765 592 945 631 rerum
994 570 1392 650 intelligentiam
1418 572 1708 631 hominibus
1715 570 1955 650 suggerit
1972 593 1993 635 3

250 660 310 737 fl
347 659 555 733 semper
607 658 663 714 in
704 652 889 714 mundo
914 653 1051 732 fuit,
1099 653 1168 714 ἑά
1214 651 1394 713 mundi
1439 666 1647 713 creator
1695 652 1789 730 seu
1829 649 1996 725 aedifi-

267 751 417 798 cator
455 739 593 815 fuit,
639 755 805 816 quare
840 735 1046 794 tamdiu
1092 732 1280 793 mundo
1316 734 1519 813 ignotus
1559 734 1748 811 manfit
1764 731 1795 790 ἕ
1841 731 1998 792 Vide-

268 833 362 881 tur
386 822 564 897 potius
589 818 758 899 sequi,
809 818 936 896 quia
968 819 1164 897 ignotus
1181 816 1300 893 fuit
1345 812 1556 884 mundo,
1600 835 1719 895 ergo
1746 812 1998 874 mundum

269 902 340 960 ab
397 899 492 959 illo
565 920 668 960 non
718 897 885 978 fuzffi’
923 896 1307 967 illuminatum,
1374 894 1445 956 &
1491 915 1594 956 non
1627 895 1733 975 effi?
1760 893 2000 954 totaliter

268 981 464 1042 lumen.
551 979 642 1039 Ne
695 981 808 1060 quis
854 978 947 1038 hoc
993 979 1247 1060 objiceret,
1293 976 1476 1037 divine
1513 977 1697 1056 infert,
1744 975 1814 1037 &³
1844 996 1999 1035 mun-

271 1062 368 1122 dus
403 1084 505 1123 non
546 1064 717 1122 novit‘
739 1059 931 1120 illum:
997 1081 1062 1119 ne
1109 1059 1322 1137 accuset,
1367 1059 1561 1138 inquit,
1605 1055 1827 1117 mundus
1868 1076 1998 1116 ver-

270 1145 394 1204 bum
422 1145 549 1213 Dei,
584 1143 652 1203 {9³
677 1155 930 1201 ceternum
957 1143 1060 1222 ejus
1091 1141 1287 1210 lumen,
1317 1139 1418 1218 sed
1440 1136 1847 1198 imbecillitatem
1864 1153 1998 1215 pro-

262 1229 493 1303 priam3
539 1245 664 1283 nam
686 1223 842 1299 filius
890 1221 1180 1291 illuminat,
1211 1220 1309 1300 sed
1345 1234 1599 1280 creatura
1638 1218 1847 1298 repellit
1865 1239 2000 1300 gra-

273 1309 407 1367 tiam
432 1307 542 1380 stbi
565 1305 767 1375 datam,
834 1303 903 1363 ΕΒ
966 1303 1321 1384 intelligentia·
1363 1303 1602 1361 acumine
1631 1301 1742 1378 fibi
1772 1299 2005 1379 conceffb

276 1387 436 1465 abusa
491 1387 581 1461 est,
647 1407 743 1465 quo
780 1384 1105 1444 naturaliter
1138 1387 1317 1444 Deum
1357 1382 1666 1463 ¹cognoscere
1717 1381 2000 1461 potuiffi‘t3

274 1467 346 1527 δῦ)
386 1469 533 1547 quast
567 1466 818 1546 prodigus
871 1467 1042 1543 visum
1064 1469 1249 1544 suum*
1283 1464 1358 1524 ad
1392 1476 1668 1524 creaturas
1715 1465 1999 1534 convertit,
2072 1449 2086 1559 J

272 1547 422 1607 ultra
459 1546 709 1627 progredi
748 1545 992 1626 neglexit,
1040 1546 1109 1607 &
1155 1561 1258 1623 per
1295 1547 1578 1626 pigritiam
1627 1541 1697 1605 δέ*
1744 1543 2003 1624 negligen-
2064 1561 2086 1615 g.

271 1631 406 1689 tiam
445 1627 878 1687 illuminationem
906 1626 1173 1703 sepelivit,
1219 1626 1290 1687 ἐξ
1320 1627 1561 1706 gratiam
1589 1625 1726 1685 hanc
1744 1637 2004 1702 contemp·
2072 1620 2085 1650 ³

256 1711 355 1788 stt.
442 1708 603 1788 Qod
638 1729 702 1768 ne
737 1705 1008 1786 discipulus
1060 1705 1230 1767 Pauli
1263 1718 1563 1784 pateretur,
1632 1704 1866 1786 vigilare
1888 1706 2006 1788 jus-

258 1793 354 1868 sus
389 1792 499 1868 est3
565 1789 671 1850 ideo
713 1809 891 1848 eorum
926 1787 1167 1859 malitiae,
1238 1790 1328 1868 qui
1364 1786 1655 1848 illuminati
1691 1786 1839 1866 fient,
1901 1807 2004 1848 non

256 1873 405 1955 juste
447 1871 551 1930 luci
588 1870 976 1948 imputabitur:
1019 1890 1144 1928 nam
1173 1867 1294 1929 licet
1331 1868 1419 1946 sol
1452 1873 1510 1929 in
1536 1889 1708 1929 omnes
1744 1868 2000 1950 affiergat,
2067 1865 2086 1891 ³·

275 1964 455 2015 tamen
504 1955 592 2030 qui
648 1971 806 2010 coecus
844 1952 936 2026 est,
983 1970 1085 2009 non
1123 1949 1244 2009 inde?
1276 1950 1576 2024 beneficium
1618 1949 1815 2017 habet3
1859 1963 2007 2011 nemo

277 2034 387 2093 ideo
435 2035 563 2114 jure
608 2033 773 2109 potest
809 2031 939 2108 sblis
972 2029 1302 2108 splendorem
1338 2032 1600 2108 accusare,
1639 2029 1740 2108 sed
1773 2051 1875 2091 non
1913 2033 2005 2090 vi-

278 2113 432 2174 dendi
468 2112 679 2189 culpam
717 2114 938 2171 caecitati
986 2111 1211 2190 ascribit.
1297 2112 1383 2169 Sic
1427 2117 1518 2187 (ut
1555 2114 1770 2188 opinor)
1809 2110 2006 2172 intelli·

269 2195 494 2276 gendum
522 2195 591 2269 est
633 2194 696 2253 de
736 2195 1014 2273 unigenito,
1059 2212 1185 2250 nam
1207 2191 1297 2251 ille
1317 2191 1413 2252 lux
1439 2212 1577 2252 vera
1592 2193 1684 2268 est,
1730 2191 1801 2253 ἐξ
1824 2193 2006 2272 splen-

276 2277 452 2336 dorem
475 2277 635 2352 ficum
676 2278 732 2335 in
786 2294 954 2333 omnes
1007 2276 1215 2343 emittit,
1265 2272 1367 2351 sed
1410 2274 1566 2334 Deus
1607 2271 1772 2353 hujus
1809 2273 2003 2346 seculi,
2060 2270 2067 2302 ¹·

278 2370 340 2417 ut
374 2359 454 2416 ait
491 2355 723 2425 Paulus,
770 2353 1084 2414 excaecavit
1124 2369 1342 2422 mentes
1386 2353 1734 2427 infidelium,
1800 2373 1833 2414 2
1860 2357 2007 2416 Cor.
2059 2380 2063 2388 ·

280 2437 358 2496 iv.
422 2451 490 2496 ut
536 2457 652 2495 non
689 2434 909 2514 fulgeat
947 2435 1059 2494 illis
1095 2433 1442 2495 illuminatio
1483 2435 1806 2515 Evangelii.
1894 2437 2006 2498 Di·
2059 2461 2086 2508 ¹.

280 2522 443 2579 cimus
488 2520 625 2577 enim
656 2517 1014 2596 superveniffl’
1048 2516 1338 2576 hominibus
1373 2519 1672 2588 eaecitatem,
1737 2538 1838 2577 non
1880 2521 2011 2599 quia

281 2601 488 2660 omnino
527 2598 640 2658 luce
665 2601 977 2675 priventur,
1022 2619 1148 2657 nam
1194 2600 1383 2658 retinet
1420 2611 1622 2658 natura
1659 2599 1870 2679 semper
1923 2602 2008 2659 in-
2062 2632 2066 2651 ι

280 2681 577 2761 telligentioe
612 2683 727 2739 vim
766 2679 1025 2738 divinitus
1063 2678 1247 2739 datam
1272 2701 1289 2744 3
1318 2679 1419 2758 sed
1460 2682 1586 2759 quia
1625 2678 1767 2741 malo
1821 2680 2008 2742 habitu
2044 2690 2065 2754 '‹

285 2763 501 2838 hebescit
536 2763 700 2831 homo,
755 2761 824 2821 69⁹
863 2763 918 2820 in
966 2759 1189 2820 deterius
1226 2765 1420 2841 vergit,
1468 2761 1538 2824 &³
1560 2762 1854 2839 mensuram
1874 2781 2009 2842 gra·
2039 2781 2057 2842 „²

284 2846 373 2902 tice
411 2843 635 2922 quodam
683 2843 908 2919 respettu
947 2841 1271 2923 languescere
1303 2844 1466 2921 facit.
1554 2841 1787 2921 Qando
1842 2844 2008 2924 igitur

286 2922 569 3005 hujusmodi
605 2923 792 2982 accidit
831 2924 1049 2993 homini,
1080 2925 1210 3004 jure
1247 2936 1368 2983 orat
1419 2922 1726 3001 Psalmista‚
1770 2922 2016 2989 clamans*

290 3021 483 3084 retege
525 3004 724 3063 oculos
769 3023 948 3075 meOS,
1021 3020 1086 3063 ut
1134 3004 1354 3063 intuear
1409 3003 1696 3069 mirabilia
1741 2998 1830 3068 ex}
1859 3001 2007 3081 ⁴lege:

291 3085 405 3142 tufi.
493 3087 613 3144 Lex
648 3087 786 3144 enim
832 3084 964 3144 data
1003 3098 1142 3155 erat,
1186 3098 1245 3143 ut
1291 3106 1356 3144 ea
1395 3084 1488 3144 lux
1535 3088 1593 3145 in
1645 3085 1789 3146 nobis
1826 3103 2009 3142 accen-

290 3162 518 3234 deretur,
563 3165 871 3243 lippitudine
902 3169 1088 3225 mentis
1112 3165 1376 3226 oculorum
1413 3165 1673 3244 abstersd,
1706 3162 2020 3244 exclusitque

292 3247 536 3317 emitote,
581 3267 716 3325 quae·
741 3249 797 3331 in
819 3287 824 3293 -
833 3249 1022 3326 priore
1065 3247 1374 3330 ignorantia
1411 3267 1505 3310 nos
1535 3244 1813 3323 detinebat.
1859 3321 1862 3325 ι
1898 3245 2011 3304 His

1889 3341 2019 3405 ergo
