2086 3640
308 113 420 159 ηε
506 87 880 151 THESJS
941 83 1373 167 QUINTA
1421 85 1493 147 &
1552 87 1902 158 SEXTA.

296 199 609 263 tarditatem
651 195 728 256 ad
770 196 911 254 iram
953 193 1023 254 δέ
1057 193 1502 273 longanimitatem
1525 196 1759 272 salutem
1793 201 2023 261 arbitre-

294 282 441 340 mini.
530 278 774 338 Dixerat
828 273 1007 355 paulo
1046 275 1177 334 ante
1224 275 1386 335 versu
1428 295 1484 354 9.
1535 278 1678 337 nolle
1722 279 1898 340 Deum
1932 283 2021 341 ul·-

294 362 371 421 los
403 362 601 437 perire.
684 357 744 416 Si
799 357 982 436 igitur
1009 355 1188 427 Petro
1223 355 1443 415 utimur
1470 377 1584 436 pro
1628 361 1859 421 suorum
1899 362 2020 422 dic-

294 458 490 501 torum
534 440 863 517 interprete,
929 437 1093 518 quod
1131 436 1385 497 maxime
1425 441 1711 512 convenit,
1777 440 1854 500 fic
1891 443 2019 522 opi-

291 537 458 580 natus
504 520 610 591 est,
682 518 842 598 quod
882 517 994 591 illi,
1064 518 1269 600 quibus
1307 518 1463 578 Deus
1525 520 1870 602 longanimis
1911 522 2015 595 est,

289 601 560 680 (qualiter
602 599 711 660 fuit
757 600 939 660 veteri
984 601 1228 672 mund0‚
1275 610 1334 664 ὃ(
1374 601 1639 662 omnibus
1675 603 1871 674 hodie,
1912 623 2018 664 no-

286 681 408 743 lens
445 681 599 742 ullos
646 681 859 762 perire>
899 682 1145 744 debeant
1191 681 1475 742 aestimare
1503 682 1648 744 hanc
1676 683 1785 742 Dei
1815 684 2019 764 longa-

286 762 616 823 nimitatem
684 763 793 824 effe
850 762 953 825 fibi
1000 763 1260 824 salutem.
1349 763 1492 846 Qo
1526 780 1719 824 autem
1761 765 2018 844 respeetu

283 843 526 904 salutem
563 843 846 909 aestimare
886 845 1139 926 possunt,
1206 843 1310 903 nifi
1350 843 1416 903 ea
1453 841 1644 905 salutis
1676 846 2017 925 postibilitas

283 923 398 983 illis
453 926 882 987 communicata
922 925 1035 987 fit?
1124 924 1359 986 minime
1409 923 1474 983 iis
1528 926 1666 986 effet
1700 927 1868 998 saluS,
1913 926 2017 986 nisi

281 1005 493 1066 servari
554 1006 620 1066 ea
656 1009 896 1087 poffent.
981 1006 1064 1066 Et
1105 1007 1210 1068 hac
1258 1006 1317 1065 in
1365 1026 1427 1066 re
1475 1006 1679 1066 Petrus
1721 1006 1796 1066 ad
1846 1008 2018 1067 Pauli

281 1086 493 1167 scripta
535 1088 784 1169 respicit,
850 1088 1130 1149 infinuans
1174 1089 1320 1148 hanc
1360 1085 1518 1147 fuisse
1574 1087 1917 1150 catholicam
1955 1099 2017 1154 δζ

282 1187 657 1229 communem
701 1169 980 1230 Ecclefiae
1023 1169 1381 1230 doctrinam:
1426 1179 1488 1234 ὃ(
1530 1184 1732 1230 notatu
1758 1167 2016 1248 digniffi-

279 1267 447 1308 mum
480 1251 581 1320 est,
626 1251 789 1331 quod
827 1251 943 1312 hoc
964 1251 1282 1332 praesertim
1309 1251 1445 1310 loco
1469 1247 1737 1321 advertit,
1781 1251 1842 1309 in
1869 1249 2015 1329 epis-

278 1329 417 1390 tolis
461 1331 627 1391 Pauli
665 1332 934 1411 quaedam
990 1331 1282 1392 intellectu
1318 1330 1577 1391 difficilia
1599 1331 1730 1401 effe,
1772 1350 1905 1410 quae
1925 1331 2013 1389 in-

272 1409 438 1470 docti
476 1421 536 1477 ὃ(
577 1413 870 1474 instabiles
902 1414 1251 1492 detorquent
1294 1413 1370 1472 ad
1417 1412 1575 1471 suam
1602 1410 1862 1491 ipsorum
1883 1430 2016 1491 per-

273 1490 557 1552 ditionem
585 1515 605 1559 3
648 1494 848 1573 aperte
888 1493 1185 1554 ostendens
1215 1494 1328 1553 hoc
1357 1492 1430 1553 de
1457 1492 1568 1551 illis
1606 1491 1719 1552 dici
1753 1491 1813 1551 in
1842 1491 2012 1552 Pauli

274 1571 443 1651 epist,
487 1573 563 1631 ad
602 1574 780 1634 Rom.
833 1593 964 1653 cap.
1016 1573 1094 1633 ix.
1167 1583 1226 1638 δζ
1263 1574 1422 1644 aliaS,
1487 1592 1622 1651 quae
1654 1571 2012 1633 instabilibus

273 1663 338 1718 ἃ
378 1652 618 1713 indoctis
661 1654 720 1714 in
771 1656 942 1715 rebus
988 1653 1395 1734 spiritualibuS,
1439 1653 1575 1712 huic
1613 1653 1894 1713 doctrinae
1939 1651 2013 1713 de

273 1754 476 1794 amore
523 1745 583 1800 ὅ(
631 1733 1074 1816 longanimitate
1115 1733 1227 1793 Dei
1257 1755 1398 1815 erga
1444 1753 1667 1805 omnes,
1718 1732 2012 1794 contradi-

267 1834 402 1875 cere
447 1816 733 1876 videntur.
819 1815 1069 1876 Utinam
1118 1816 1466 1895 complureS,
1511 1834 1606 1875 ma
1653 1813 1697 1874 is
1722 1815 1901 1895 quam
1927 1813 2012 1889 fe-

272 1914 423 1966 cere,
471 1897 604 1956 huic
645 1895 1024 1957 admonitioni
1063 1895 1585 1976 obtemperassent!
1662 1895 1786 1959 llud
1813 1893 2007 1968 Pauli,
2042 1943 2044 1946 ,

271 1976 348 2036 ad
383 1977 542 2057 quod
583 1978 864 2057 imprimis
892 1977 1123 2035 videtur
1145 1977 1351 2037 Petrus
1378 1978 1491 2036 hoc
1527 1977 1665 2036 loco
1683 1976 2006 2048 collimare,

273 2057 407 2118 huic
449 2059 528 2116 rei
570 2058 827 2118 nonnihil
851 2056 1108 2116 luminis
1149 2058 1340 2129 affert,
1413 2057 1621 2135 nempe
1650 2058 1828 2117 Rom.
1861 2056 1917 2116 ii.
1946 2078 2006 2131 4.

270 2139 368 2198 An
404 2139 626 2198 divitias
673 2140 1006 2219 benignitatis
1047 2139 1153 2217 ejus
1192 2137 1262 2200 δέ
1301 2140 1602 2216 patientia,
1647 2138 1719 2198 δά
1766 2138 2006 2218 longani-

270 2221 471 2279 mitatis
511 2223 808 2290 contemnis,
855 2223 1103 2300 ignorans
1157 2222 1399 2298 quoniam
1445 2219 1734 2299 benignitas
1779 2219 1893 2278 Dei
1933 2218 2011 2279 ad

261 2303 628 2381 paenitentiam
662 2313 713 2361 te
758 2300 973 2361 adducit
992 2299 1024 2357 ἒ
1090 2299 1301 2361 Paulus
1350 2298 1446 2359 hic
1483 2299 1896 2378 irregeneratos
1943 2309 2008 2365 ὅζ

270 2380 482 2461 impios
526 2382 862 2462 alloquitur,
907 2398 1051 2460 quos
1095 2381 1361 2460 sequente
1399 2378 1564 2439 versu
1599 2379 1700 2451 ait,
1744 2381 2007 2458 thesauri-

270 2483 408 2522 zare
438 2464 548 2541 fibi
578 2466 719 2522 iram
759 2466 816 2523 in
855 2463 938 2522 die
973 2466 1070 2521 irae
1096 2483 1116 2519 .·
1158 2473 1221 2527 ὃς
1267 2459 1352 2520 his
1381 2460 1748 2520 commendat
1778 2460 2008 2522 divitias

266 2543 565 2624 patientiae
603 2555 662 2610 &t
697 2544 796 2604 lon
843 2541 1149 2604 animitatis
1197 2542 1346 2609 Dei,
1389 2540 1684 2601 ostendens
1704 2542 2006 2620 quomodo

272 2625 592 2704 benignitas
641 2623 759 2702 ejus
826 2637 960 2684 ucat
986 2621 1061 2683 ad
1088 2621 1532 2702 poenitentiam3
1575 2621 1874 2701 quomodo
1892 2622 2004 2703 igi-

269 2721 366 2764 tur
413 2705 476 2764 iis
518 2703 737 2766 divitiae
783 2706 878 2767 vel
917 2703 1239 2784 benignitas
1278 2703 1393 2762 dici
1435 2703 1674 2783 poterit,
1719 2702 1822 2763 nisi
1851 2719 2002 2763 tem-

268 2804 378 2866 pus
418 2787 574 2859 effet,
619 2807 739 2866 quo
786 2807 891 2867 per
926 2783 1087 2845 illam
1132 2784 1534 2866 poenitentiam
1560 2803 1731 2863 agere
1750 2785 1996 2865 poffent,

267 2877 330 2933 at
379 2868 686 2947 participes
738 2867 864 2928 fieri
899 2866 1251 2939 divitiarum,
1316 2886 1449 2945 quae
1489 2864 1547 2924 in
1568 2864 1688 2925 villo
1734 2881 2000 2946 tempore
2057 2879 2059 2882 ‘

267 2947 546 3009 ethbitae
592 2948 763 3008 sunt?
820 2969 898 3007 ex
932 2947 1137 3027 quibus
1174 2945 1441 3007 omnibus
1472 2945 1551 3005 fic
1597 2961 1992 3025 argumentor.

268 3027 327 3085 Si
377 3029 533 3088 Deus
573 3043 1014 3110 argumentatur
1061 3049 1193 3087 cum
1244 3027 1641 3108 peccatoribus
1687 3027 1716 3083 a
1758 3024 1997 3116 poffibi-

271 3107 432 3167 litate
469 3110 661 3171 salutis
703 3110 816 3171 illis
857 3107 1098 3175 tradita,
1171 3108 1213 3167 fi
1270 3109 1515 3189 Spiritus
1555 3107 1666 3167 Dei
1715 3105 1997 3183 disceptat

270 3207 407 3246 cum
444 3189 555 3248 illis
590 3192 666 3250 ad
711 3208 960 3271 tempuS,
1005 3189 1079 3249 ad
1117 3190 1420 3250 servandos
1454 3188 1605 3258 illos,
1689 3187 1744 3247 ui
1791 3183 1993 3264 postea

273 3284 514 3348 pereunt
543 3294 564 3336 3
607 3270 650 3328 fi
697 3272 961 3350 expectat
1006 3270 1119 3333 illis
1153 3269 1433 3350 gratiosus
1468 3268 1614 3337 effe3
1682 3285 1703 3325 1
1745 3266 1825 3327 est
1850 3285 1994 3406 effi}

1312 3402 1315 3403 γ
1860 3367 1878 3405 1
