2086 3640
270 115 1841 198 v6THESJSDUODECIMA

271 243 408 281 anno
457 223 832 281 incarnationis
868 224 1090 283 Domini
1142 243 1314 286 1022.
1377 224 1525 302 regni
1573 217 1794 282 Roberti
1833 225 1994 302 Regis

276 307 370 361 28.
414 303 688 362 indiffione
725 322 779 378 5.
811 305 1014 383 quando
1041 306 1333 383 Stephanus
1360 302 1707 379 haerqstarcha
1741 303 1810 365 &³
1859 327 1991 366 com-

259 383 424 462 plices
464 386 570 462 ejus
617 382 858 445 damnati
888 386 1026 464 fimt*
1059 387 1126 449 {9³
1167 388 1330 462 exusti
1377 383 1632 444 Aurelioe.

355 466 578 544 Quor)
624 478 819 524 autem
868 467 1139 527 authores
1177 466 1264 527 isti
1303 462 1592 527 Pontificii
1631 480 1851 525 vocant
1896 485 1994 525 eos

273 546 542 604 hoereticos
586 544 649 603 &
693 549 1048 619 Manichoeos,
1092 547 1237 611 illud
1275 568 1389 609 non
1429 544 1612 624 magis
1659 544 1995 608 invalidabit

273 624 665 685 testimonium
717 648 924 689 eorum
971 649 1081 709 pro
1139 630 1244 690 hac
1298 627 1541 690 veritate
1599 642 1800 686 contra
1853 628 1996 706 usicm

271 706 594 782 baptismatis
646 730 815 790 aqnoe,
887 711 980 770 vel
1024 709 1306 792 praebebit
1352 708 1542 771 ansam
1600 707 1847 768 vocandi
1894 727 1997 766 nos

274 790 628 859 Manichaeos‚
674 790 868 870 quam,
916 792 1048 879 quia
1098 792 1356 872 quidam,
1419 789 1494 851 fic
1532 788 1609 849 ab
1650 787 1760 847 illis
1806 789 1997 848 nomi-

271 867 408 938 nati,
442 870 796 930 consentiunt
815 893 945 931 cum
972 872 1421 937 Protestantibus
1448 870 1505 930 in
1527 868 1828 951 plerisque,
1866 868 1997 930 ideo

273 948 658 1010 Protestantes
705 954 776 1013 ἑά
820 956 1119 1014 Manichaei
1158 954 1228 1016 Es?
1272 956 1501 1014 haeretici
1546 949 1791 1011 habendi
1845 952 1994 1020 sunt,

273 1030 432 1107 quod
476 1032 853 1093 Protestantes
894 1034 1056 1095 nullo
1085 1035 1263 1095 modo
1283 1035 1494 1095 evitare
1522 1033 1769 1113 poffunt.
1814 1035 1996 1116 Qae-

272 1109 379 1168 stio
419 1114 569 1172 enim
631 1114 734 1185 est,
805 1130 1001 1175 utrum
1042 1117 1149 1187 illi,
1213 1133 1500 1195 utcunque
1548 1115 1625 1175 ab
1672 1111 1998 1176 adversariis

273 1192 554 1252 nominati
595 1193 725 1266 fint,
769 1196 1076 1257 secundum
1116 1197 1442 1267 veritatem,
1489 1196 1544 1258 in
1578 1193 1886 1276 Scripturis
1913 1194 1998 1253 sa*

275 1272 384 1331 cris
426 1273 796 1347 declaratam,
882 1278 1067 1339 testati
1105 1278 1212 1337 smt
1245 1298 1420 1338 necne
1454 1302 1472 1343 ·,
1543 1275 1605 1334 ὅτ
1661 1276 1773 1337 hoc
1812 1274 1998 1336 modo

273 1355 661 1416 controversia
709 1357 894 1418 rursus
937 1379 1042 1438 per
1081 1359 1397 1439 Scripturas
1437 1356 1787 1418 discutienda
1814 1355 1993 1426 venit,

271 1434 578 1494 secundum
634 1450 773 1515 quas
813 1439 1221 1500 affirmativam
1273 1438 1604 1500 sententiam
1663 1435 1790 1497 satis
1831 1436 2000 1516 supra

273 1516 587 1592 probatam
637 1518 743 1576 effe
799 1519 1024 1596 opinor.
1111 1520 1292 1597 Quod
1339 1518 1542 1579 attinet
1595 1517 1670 1577 ad
1729 1517 1998 1577 ultimam

274 1594 440 1653 thefis
490 1612 738 1674 partem,
804 1601 1044 1676 baptismi
1107 1603 1371 1678 infantum
1419 1601 1532 1681 ussai
1592 1596 1996 1678 refragantem,

272 1677 580 1735 neceffario
618 1679 649 1737 ἐ
695 1679 859 1758 supra
904 1681 1064 1740 dietis
1101 1681 1366 1761 sequitur.
1449 1679 1507 1739 Si
1556 1678 1708 1737 enim
1757 1699 1874 1738 non
1902 1679 2000 1738 de·
2059 1708 2070 1737 ·.

273 1771 369 1814 tur
417 1779 580 1837 aquae
630 1759 962 1839 baptismUS,
1026 1762 1180 1821 certe
1219 1760 1532 1840 baptismus
1573 1758 1855 1819 infantum
1901 1780 2004 1840 pe·

274 1836 426 1899 nitus
472 1839 717 1900 tollitur:
803 1843 1098 1902 Caeterum
1140 1842 1468 1902 adversariis
1515 1841 1624 1902 hac
1671 1839 1728 1901 in
1784 1861 1842 1901 re
1894 1861 2002 1902 nos
2053 1845 2071 1914 ὲ

272 1920 764 1999 oppugnantibm,
809 1923 1112 2004 postquam
1154 1923 1369 1994 omnia,
1416 1943 1549 2003 qua:
1592 1937 1881 2003 poterant,
1928 1924 2002 1984 ad

275 2000 643 2079 probandum
685 2023 848 2080 aquae
884 2003 1236 2085 baptismum
1276 2004 1691 2083 produxerunt,
1735 2024 1888 2064 nunc
1915 2005 2000 2063 in·

275 2081 524 2150 cumbit,
570 2097 636 2140 ut
671 2082 1079 2154 demonstrent,
1145 2085 1350 2144 debere
1381 2084 1618 2145 infantes
1664 2085 1806 2163 aqua
1859 2087 1999 2163 bap-
2066 2147 2071 2153 ,

276 2158 484 2219 tizari:
529 2162 751 2232 contra,
797 2163 894 2242 qui
924 2167 1138 2243 probat
1177 2165 1394 2224 ceffaffe
1435 2185 1599 2243 aquae
1625 2164 1995 2245 baptismum,

276 2240 477 2300 exinde
526 2243 738 2321 probat
784 2264 903 2304 non
945 2244 1065 2304 dari
1105 2245 1383 2305 infantum
1436 2245 1839 2325 baptismum3
1908 2247 2003 2307 sed

277 2322 377 2398 qui
427 2323 700 2400 probavit
747 2344 911 2403 aquae
951 2326 1298 2405 baptismum
1337 2325 1519 2385 adhuc
1562 2327 1787 2396 durare,
1834 2326 2002 2389 mini·
2045 2331 2066 2386 at„

279 2403 376 2462 me
415 2403 617 2461 exinde
680 2405 952 2483 probavit
1000 2406 1275 2466 infantum
1320 2407 1664 2486 baptismum
1712 2408 2005 2470 neceffari-
2035 2404 2069 2486 ‘gi'-

278 2505 380 2542 um
420 2485 549 2555 effe,
595 2484 870 2563 siquidem
920 2486 992 2546 ad
1040 2488 1151 2547 hoc
1197 2488 1563 2566 probandum
1610 2487 1829 2569 aliquid
1875 2511 2000 2550 am·
2034 2480 2062 2552 ᾇ

256 2591 259 2594 ·
324 2568 427 2628 lius
466 2565 815 2645 requiritur3
875 2566 1121 2647 ideoque
1148 2567 1415 2630 miserum
1443 2586 1567 2629 erat
1607 2568 1735 2630 Nic.
1767 2571 2002 2631 Arnoldi
2034 2549 2066 2659 Ξ

277 2589 718 2725 ξὼῐεῐῖυὲἰυπι,
764 2663 964 2708 contra
1007 2649 1152 2708 hanc
1190 2648 1354 2707 thefis
1402 2665 1628 2728 partem
1668 2649 2002 2731 fimpliciter
2028 2663 2069 2749 «ξ

278 2730 588 2797 affirmare,
649 2727 805 2807 quod
859 2733 1062 2810 negatio
1102 2730 1493 2810 paedobaptismi
1546 2732 1622 2791 ad
1654 2753 2001 2814 gangraenam
2029 2746 2059 2814 3

280 2810 738 2888 Anabaptssicam
748 2813 1038 2889 pertineat,
1069 2831 1187 2876 non
1201 2810 1398 2875 addita·
1418 2812 1540 2876 ulla
1559 2813 1842 2897 ampliore
1862 2834 2007 2896 pros·
2064 2839 2065 2843 ¹

278 2892 525 2956 batione.
792 2902 796 2907 '
2000 2910 2004 2914 “

1599 3214 1993 3280 THESIS
