2086 3640
704 78 795 138 De
829 74 1229 154 Justificai‘ione.
1272 111 1275 115 ,
1701 84 1814 156 177

97 183 234 275 'pagg
281 182 420 268 469.
497 199 516 226 ‘
558 185 726 249 Nobis
760 187 1021 264 imputari
1061 186 1265 262 Christi
1288 186 1574 265 justitiam,
1619 197 1679 245 ut
1714 201 1818 263 per

103 286 123 313 ⁶
162 291 276 331 eum
309 269 623 349 formaliter
644 268 781 350 justi
818 269 1141 326 nominemur
1172 269 1240 329 δᾶ
1254 270 1444 345 fimus,-
1491 286 1650 345 neque
1676 267 1818 327 dixi-

11 385 13 387 ·
100 366 120 392 ε
159 372 272 410 mus
309 367 562 432 unquam,
601 359 761 430 neque
788 349 1060 426 sentimus,
1122 363 1182 408 ut
1208 350 1477 428 aliquoties
1498 350 1619 431 jam
1655 349 1819 423 osten·-

101 445 121 478 ‘
162 431 330 491 dimus
362 457 380 499 3
452 432 511 491 id
544 433 680 491 enim
721 448 823 489 non
865 429 1037 486 minii-s
1067 432 1205 507 sane
1260 451 1376 489 cum
1423 430 1574 489 νεὶῗᾶ
1615 432 1822 488 ratione

98 525 119 551 ‘
152 525 439 594 pugnaret,
492 513 652 592 quam
676 506 734 589 fi
788 525 907 588 reus
948 513 1004 568 in
1045 511 1245 589 judicio
1301 511 1557 587 absolutus
1604 509 1817 582 diceret,

99 606 119 632 ‘
148 596 208 672 se
272 593 549 653 clementid
576 588 582 592 ’
601 592 796 674 judicis
842 590 1085 650 donantis
1129 593 1239 668 fibi
1291 596 1464 651 vitam
1509 591 1824 669 formaliter

98 685 119 712 ⁶
171 674 350 750 'ustum
389 674 498 752 effe.
584 674 812 733 Mirum
852 670 934 730 est
969 669 1171 750 igitur,
1218 673 1472 731 homines
1513 673 1592 731 ita
1628 670 1824 731 faciles

90 765 125 814 e
170 774 201 812 e
251 754 309 812 in
342 758 511 814 rebus
547 754 690 814 tanti
729 751 1030 823 momenti,
1076 759 1145 831 u't
1182 752 1343 832 spem
1377 753 1536 812 suam
1563 752 1624 810 ὅτ
1669 752 1823 811 fidu—

93 840 197 893 ciae
225 832 663 895 fundamentum
688 834 854 914 super
883 832 1263 912 figurativum
1291 834 1452 894 verbi
1481 833 1644 893 usum
1683 830 1826 892 aedi÷

93 916 291 985 ficent,
340 915 482 975 dum
523 916 667 976 illud
701 914 1029 987 excludant,
1073 915 1169 975 vel
1215 914 1419 974 saltem
1469 935 1584 973 non
1640 913 1825 974 neces-

91 995 302 1054 sarium
345 997 688 1069 existiment,
759 994 873 1055 fine
919 1009 1037 1076 quo
1085 991 1382 1076 Scriptura
1423 995 1625 1054 diserte
1665 996 1825 1054 affir-

93 1092 218 1135 mat
244 1079 534 1139 neminem
572 1079 763 1139 Deum
788 1076 1063 1137 visurum.
1149 1079 1312 1138 Nam
1342 1077 1383 1135 fi
1421 1076 1680 1135 sanctitas
1727 1095 1826 1134 nea

93 1157 323 1219 ceffaria
367 1160 456 1230 fit,
523 1161 595 1221 de
638 1158 747 1239 qua
792 1158 1026 1230 dicitur,
1089 1158 1249 1239 quod
1305 1159 1488 1237 absque
1536 1155 1635 1215 illd
1681 1176 1830 1215 nemo

92 1239 270 1299 Deum
327 1237 548 1312 videbit,
613 1257 752 1301 tunc
791 1239 968 1299 etiam
1009 1255 1247 1321 oportet
1294 1242 1449 1300 bona
1497 1257 1675 1317 opera
1717 1237 1829 1296 esse

15 1366 19 1370 v
91 1319 414 1392 necessaria,
459 1321 564 1381 nisi
605 1322 819 1402 possint
854 1321 1157 1382 adversarii
1205 1322 1382 1380 nostri
1430 1319 1595 1380 nobis
1643 1338 1829 1378 unum

90 1400 348 1460 sanctum
370 1403 662 1463 ostendere
692 1402 805 1462 fine
835 1403 999 1463 bonis
1037 1405 1322 1484 operibus.
1408 1401 1520 1461 Sed
1549 1399 1831 1480 praeterea

91 1502 212 1541 vox
263 1485 547 1573 [justifico]
588 1487 726 1544 cum
752 1478 1044 1564 Scriptura
1086 1480 1141 1544 in
1191 1485 1300 1544 hoc
1329 1483 1479 1544 sensu
1512 1481 1831 1561 figurativo

93 1562 160 1620 ea
203 1578 405 1636 utitur,
451 1577 562 1645 pro
591 1566 887 1644 approbare
930 1567 1191 1636 sumitur,
1238 1567 1298 1623 &
1342 1561 1472 1623 ideo
1516 1563 1738 1642 saepiuS,
1788 1561 1831 1619 fi

94 1663 214 1702 non
267 1643 507 1727 semper,
572 1647 806 1726 quando
850 1649 1154 1729 [justifico]
1226 1662 1467 1706 utuntur
1528 1643 1832 1721 scriptores

94 1724 391 1785 sacrorum
431 1725 818 1798 voluminum,
869 1729 927 1786 in
970 1731 1268 1808 peffimam
1306 1742 1533 1807 partem
1562 1723 1828 1794 sumitur,

98 1804 155 1863 id
183 1806 284 1877 est,
331 1810 466 1867 cum
495 1807 587 1866 hic
623 1809 750 1867 usus
789 1809 951 1868 verbi
985 1809 1055 1868 sit
1084 1811 1405 1889 usurpatiO,
1444 1807 1513 1865 de
1553 1806 1615 1863 iis
1653 1804 1831 1864 etiam

94 1886 327 1959 dicitur,
370 1887 470 1968 qui
503 1887 785 1967 justitiam
833 1889 938 1950 fibi
976 1891 1268 1970 usurpant,
1315 1890 1451 1948 licet
1490 1885 1724 1967 proprie
1758 1886 1834 1946 ad

0 1997 1 2002 κ
94 1987 194 2027 eos
233 1988 349 2028 non
378 1969 681 2048 pertineat,
728 1985 794 2029 ut
820 1970 882 2029 iis
925 1973 1247 2051 apparebit,
1292 1971 1496 2049 quibus
1540 1969 1663 2030 haec
1700 1967 1832 2027 loca

94 2048 398 2109 revolvere
433 2050 646 2128 placet,
698 2049 888 2110 Exod.
918 2053 1076 2112 xxiii.
1124 2071 1179 2132 7.
1226 2054 1346 2132 Job
1376 2053 1451 2111 ixl
1502 2069 1595 2111 2ο.
1649 2049 1829 2108 Χκνίἰ.

88 2147 157 2207 5.
190 2130 366 2190 Prov.
405 2126 540 2190 xvii.
574 2150 664 2208 15.
715 2131 898 2193 Isaiv.
933 2153 1027 2211 23.
1103 2136 1253 2194 Luc..
1304 2155 1360 2192 x.
1405 2152 1500 2211 29.
1566 2130 1683 2191 xvi.
1738 2150 1829 2207 15.

97 2210 233 2291 Joh.
273 2212 350 2272 xi.
394 2230 448 2272 2.
494 2213 570 2272 iii.
604 2232 701 2271 22.
747 2215 865 2292 Jer.
898 2214 973 2273 iii.
1014 2232 1104 2276 11.
1152 2216 1367 2276 Ezech⁴
1400 2214 1516 2274 xvi.
1545 2232 1598 2288 5.
1650 2233 1747 2271 xv.
1775 2232 1830 2271 2.

99 2295 255 2376 Qae
297 2293 493 2355 omnia
520 2293 787 2354 dicuntur
812 2293 884 2354 de
913 2297 1240 2357 hominibus
1270 2297 1479 2376 impios
1515 2292 1832 2372 justifican-

98 2374 273 2446 tibus,
337 2375 432 2434 vel
481 2375 554 2436 de
593 2375 786 2456 impiis
841 2377 1164 2459 semetipsos
1203 2377 1667 2458 justificantibUS,
1713 2375 1747 2431 i.
1780 2395 1830 2432 e.

97 2454 274 2515 semet
300 2455 357 2515 in
378 2456 771 2537 impietatibus
804 2458 911 2535 suis
948 2460 1417 2540 approbantibus,
1502 2457 1558 2515 Si
1576 2457 1832 2534 aliquan-

99 2534 178 2594 do
217 2536 274 2596 in
310 2537 421 2597 hoc
447 2539 602 2598 sensu
631 2539 943 2617 figurativo
986 2541 1226 2599 sumitur
1249 2541 1304 2598 in
1344 2546 1558 2602 bonam
1581 2553 1830 2616 partem,

102 2615 162 2674 id
198 2618 269 2677 fit
304 2619 437 2678 raro
484 2620 901 2699 comparative,
968 2622 1028 2679 δι
1085 2638 1278 2681 tamen
1327 2618 1556 2701 quando
1596 2619 1687 2687 fit,
1754 2618 1835 2678 ita

102 2698 349 2757 obvium
394 2699 458 2758 ὅτ
497 2700 862 2780 perspicuum
891 2723 961 2760 ex
992 2718 1266 2761 contextu
1295 2704 1397 2773 est,
1443 2716 1509 2759 ut
1535 2699 1722 2758 nullus
1765 2698 1836 2760 fit

101 2776 376 2856 scrupulis
438 2775 612 2840 locuS.
697 2781 807 2839 Sed
867 2782 1106 2862 quaestio
1165 2781 1246 2840 est
1290 2803 1404 2841 non
1454 2798 1576 2840 tam
1625 2781 1697 2839 de
1735 2781 1834 2839 usu

104 2858 291 2929 verbi,
334 2859 438 2919 ubi
486 2860 836 2920 transeunter
881 2864 974 2921 vel
1017 2862 1443 2923 accidentaliter
1471 2862 1691 2922 dietum
1729 2862 1838 2932 est,

104 2939 285 3020 quem
326 2940 427 3001 ubi
474 2941 589 3020 ipsa
625 2940 1045 3022 justificationis
1092 2943 1351 3003 doetrina
1393 2947 1690 3014 traiciatur,
1753 2942 1838 3004 ibi

105 3040 222 3080 non
288 3021 439 3080 reete
502 3022 768 3102 intelligi,
835 3025 913 3085 ita
969 3041 1036 3083 ut
1087 3026 1342 3084 contenti
1403 3026 1574 3084 fimus
1631 3021 1837 3102 imagi-

106 3100 261 3160 naria
318 3100 381 3159 ὅτ
418 3100 766 3182 Γυρροίὶῑὶνὲι
818 3103 1247 3184 justificatione,
1313 3127 1496 3185 quum
1550 3103 1707 3165 Deus
1748 3124 1836 3163 re*

106 3180 258 3241 alem
296 3199 355 3240 re
400 3183 568 3253 uirat‚
633 3184 1018 3263 periculosum
1069 3187 1222 3245 certe
1267 3188 1366 3258 est,
1413 3188 1485 3246 ad
1515 3185 1670 3265 cujus
1709 3184 1834 3266 plen

107 3260 327 3325 niorem
408 3259 806 3347 'squifitionem
846 3266 1256 3407 perpenglatur,
1301 3268 1459 3349 quod
1489 3268 1547 3328 in
1589 3269 1652 3327 iis
1694 3266 1837 3406 loci}

1763 3369 1796 3406 a
