2086 3640
374 89 466 149 De
503 87 722 147 internd
764 84 835 147 δέ’
877 83 1187 144 immediata*
1226 80 1563 142 revelatione.
1804 100 1837 163 7

92 207 114 236 ‘
157 197 290 266 ha’c,
334 193 475 274 quod
501 191 801 272 Disciplina
835 191 1102 272 dirigitur,
1163 194 1304 275 quod
1353 195 1644 270 Scriptura·
1689 212 1841 251 reve-

94 291 115 317 ‘
159 277 369 346 lantur,
433 274 573 356 quod
612 272 905 337 intellettus
948 276 1299 353 reformatur,
1344 275 1486 355 quod
1517 275 1593 335 ad
1620 273 1842 334 meliora

38 366 40 368 ’
96 371 118 397 6
153 359 458 437 proficitur.

16 452 21 455 ’
175 451 195 478 6
238 462 295 515 4.
340 438 797 498 HIERONYMUS
827 435 1089 515 Epistola
1121 436 1342 497 Paulin.
1384 458 1515 516 103.
1558 440 1676 500 Lex
1704 439 1841 498 enim

93 534 114 560 ‘
157 518 464 598 Spiritualis
491 523 589 588 eft,
636 518 706 580 &⁹
749 533 874 595 opus
915 521 994 577 est
1038 518 1363 579 revelatione
1397 534 1457 580 ut
1486 520 1835 600 intelligatur.

93 615 114 642 6
158 602 240 661 Et
266 603 322 660 in
352 599 616 679 Epistola
653 617 787 675 150.
831 597 907 658 ad
927 597 1271 670 Hedibiam,
1318 600 1632 679 quaestione
1661 600 1839 660 unde-

92 695 112 721 ‘
155 682 307 747 cima‘i
351 681 560 751 afferit,
626 692 791 741 totam
837 679 1107 758 epistolam
1164 680 1239 739 ad
1291 684 1560 741 Romanos
1611 683 1841 762 indigere

91 775 111 802 ‘
155 766 602 841 interpretatione,
648 775 805 842 atque
840 764 895 822 in
923 765 1088 822 tantis
1115 763 1509 838 obscuritatibus
1540 763 1838 822 involutam

0 862 3 866 ·
91 856 112 883 ‘
153 844 268 923 effi,
315 856 375 903 ut
406 844 481 904 ad
503 865 619 904 eam
648 843 1043 924 intelligendam
1072 843 1394 923 indigeamus
1425 845 1623 904 auxilio
1654 846 1839 904 Sanc‘li

91 937 111 964 ‘
152 929 403 1005 Spiritus,
448 929 537 1007 qui
568 925 798 985 dietavit
823 924 1039 985 eandem
1063 925 1323 1003 Apostolo.

172 1019 191 1044 6
238 1026 295 1084 5.
342 1009 784 1066 ATHANAsws
811 1005 882 1066 de
912 1006 1302 1066 incarnatione
1328 1006 1497 1065 verbi
1516 1005 1644 1066 Dei.
1691 1005 1837 1065 Tan-

89 1099 110 1128 ‘
151 1102 213 1148 ta
256 1089 478 1169 quotidie
517 1088 781 1148 Salvator
809 1089 975 1166 facit,
1022 1089 1241 1148 trahens
1286 1088 1360 1146 ad
1396 1090 1672 1165 pietatem,
1708 1104 1837 1164 per-

90 1181 111 1208 ‘
138 1170 370 1249 suadens
398 1170 476 1230 ad
505 1173 781 1241 virtutem,
827 1168 1005 1230 docens
1045 1170 1107 1229 de
1142 1169 1560 1239 immortalitate,
1607 1172 1838 1227 excitans

84 1262 111 1289 6
155 1251 232 1311 ad
254 1251 560 1329 desiderium
588 1251 888 1329 caelestium,
955 1251 1204 1312 revelans
1235 1250 1503 1311 notitiam
1548 1249 1618 1331 de
1647 1265 1834 1328 patre,

86 1343 107 1370 ‘
149 1335 265 1392 vim
311 1347 498 1395 contra
543 1346 760 1395 mortem
808 1334 1092 1413 inspirans,
1139 1336 1410 1415 unicuique
1445 1329 1708 1406 ostendens
1751 1331 1835 1408 se-

88 1424 110 1452 6
151 1417 171 1473 i
226 1436 331 1479 um.

0 1522 2 1527 >
161 1415 300 1554 “ps6.
356 1494 814 1558 Ganoomus
859 1497 1121 1576 Magnus
1178 1495 1420 1558 homilizi
1475 1513 1612 1553 xxx.
1667 1493 1834 1571 super

83 1589 105 1615 ‘
148 1576 451 1657 Evangel:
500 1578 646 1658 [ipse
673 1598 779 1640 vos
806 1577 1042 1638 docebit
1069 1577 1315 1655 omnia]
1363 1576 1514 1654 Qia
1563 1577 1658 1633 niz
1698 1573 1836 1634 idem

84 1670 108 1696 ‘
149 1660 379 1737 Spiritus
421 1660 565 1719 cordi
614 1659 750 1737 adfit
797 1659 1078 1729 audientis,
1140 1659 1319 1736 otiosus
1360 1659 1430 1734 est
1460 1658 1633 1734 sermo
1663 1656 1834 1715 dotto-

86 1750 108 1778 ‘
149 1743 229 1800 ris
254 1763 275 1797 .·
318 1761 464 1799 nemo
492 1761 610 1821 ergo
637 1741 835 1801 docenti
872 1742 1071 1800 homini
1097 1742 1321 1809 tribuat,
1369 1738 1506 1818 quod
1531 1758 1595 1795 ex
1635 1758 1724 1795 ore
1750 1737 1831 1796 di-

86 1831 108 1859 ‘
150 1824 309 1881 centis
341 1822 608 1902 intelligat
632 1843 652 1880 .·
713 1825 840 1903 quia
885 1824 983 1898 nist
1011 1823 1154 1881 intus
1179 1823 1259 1898 stt
1305 1823 1392 1900 qui
1419 1819 1616 1891 doceat,
1661 1818 1831 1877 doeio-

86 1913 108 1940 ‘
150 1905 227 1962 ris
255 1902 439 1983 lingua
465 1904 697 1964 exterius
724 1908 780 1963 in
799 1924 1030 1963 vacuum
1058 1903 1287 1963 laborat.

168 1995 188 2021 6
234 2001 288 2062 7.
337 1985 672 2044 CYRILLus
720 1982 1150 2045 Alexandrinus
1189 1986 1247 2045 in
1292 1982 1556 2042 thesauro
1594 1980 1695 2040 lib.
1737 2001 1827 2057 13.

84 2076 106 2103 6
151 2085 276 2144 cap.
310 2085 365 2143 3.
411 2065 582 2145 plane
610 2066 889 2138 affirmat,
934 2068 1163 2126 homines
1199 2065 1481 2147 cognoscere
1519 2063 1653 2144 quod
1674 2063 1830 2139 Jesus

85 2158 106 2184 ‘
133 2148 213 2224 stt
245 2147 508 2207 Dominus
540 2164 647 2226 per
680 2149 937 2226 Spiritum
985 2149 1258 2219 Santtum,
1304 2169 1405 2206 non
1435 2145 1553 2204 alia
1602 2147 1827 2213 ratione,
1915 2179 1918 2182 »

86 2239 106 2266 6
149 2249 307 2308 quam
334 2231 423 2309 qui
443 2228 547 2288 mel
567 2231 875 2310 gustarunt,
922 2230 1216 2311 cognoscunt
1259 2228 1395 2311 quod
1419 2230 1497 2306 fit
1524 2226 1692 2296 dulce,
1723 2226 1829 2304 sti-

88 2319 107 2348 ‘
150 2310 271 2370 licet
286 2327 392 2389 per
408 2315 691 2390 propriam
718 2314 823 2398 ejus
854 2312 1180 2392 qualitatem.

54 2399 57 2401 ’
97 2430 101 2433 ,
157 2402 187 2442 -‘
234 2395 289 2451 8.
332 2393 760 2465 BERNARDUS,
828 2393 884 2452 in
917 2393 1061 2453 Psal.
1093 2397 1194 2469 84,
1242 2391 1536 2452 Sermone.
1599 2390 1826 2465 Propte-

85 2483 108 2511 ‘
149 2493 246 2531 rea
274 2474 578 2553 inceffanter
593 2475 876 2535 hortamur
899 2496 1012 2546 vos,
1046 2477 1280 2555 fratres,
1315 2486 1374 2532 ut
1402 2470 1676 2530 ambuletis
1702 2472 1827 2529 vias

85 2564 107 2591 ‘
147 2554 336 2626 cordis,
383 2556 452 2618 &
480 2559 561 2636 fit
602 2559 785 2617 anima
811 2559 993 2635 vestra
1037 2561 1091 2618 in
1120 2557 1360 2616 manibus
1379 2554 1566 2630 vestris
1592 2553 1823 2629 fi’mper,

83 2646 105 2672 6
147 2649 207 2695 ut
239 2636 472 2697 audiatis
508 2638 638 2720 quid
681 2638 930 2720 loquatur
971 2642 1027 2698 in
1073 2640 1220 2699 vobis
1258 2639 1425 2696 Deus.
1509 2632 1724 2692 Rursus
1752 2631 1825 2691 de

86 2726 108 2753 ‘
149 2717 339 2777 verbis
363 2719 687 2798 Apostoli3
734 2719 850 2799 Qi
874 2719 1165 2800 gloriatur,
1213 2722 1267 2778 in
1296 2718 1523 2778 Domino
1543 2713 1820 2795 glorietur.

85 2807 107 2835 ‘
150 2795 273 2876 Qo
298 2799 501 2877 triplici
542 2802 676 2859 vitio
711 2822 858 2860 omne
874 2801 1002 2878 plus
1043 2803 1212 2860 minus
1256 2800 1607 2878 religiosorum
1656 2797 1820 2854 homi-

86 2888 108 2916 ‘
148 2900 276 2938 num
311 2901 472 2960 genus
504 2881 791 2959 periculose
818 2880 1053 2953 laborat,
1101 2898 1206 2960 pro
1248 2903 1302 2942 eo
1345 2879 1480 2961 quod
1522 2883 1692 2937 minus
1736 2889 1821 2935 at-

79 2970 107 2997 ‘
149 2961 289 3019 tente*
315 2961 483 3021 cordis
510 2983 644 3022 aure
659 2964 985 3042 percipiant,
1030 2963 1158 3043 quid
1181 2967 1318 3023 intus
1347 2962 1594 3042 loquatur
1621 2962 1684 3027 τέ,
1731 2960 1823 3036 qui

87 3051 109 3078 ‘
150 3044 407 3101 neminem
452 3044 671 3123 palpat,
714 3046 944 3124 Spiritus
983 3047 1247 3107 veritatis.
1333 3044 1476 3102 Hoc
1507 3055 1630 3100 erat
1673 3037 1821 3120 iHud

78 3119 548 3197 fundamentum,
619 3125 787 3207 super
848 3126 1008 3206 quod
1061 3124 1347 3206 primitivi
1405 3121 1819 3192 Protestantes,

80 3200 147 3260 δε
208 3203 645 3266 Reformatores
707 3207 1002 3289 praecipue
1048 3206 1435 3267 aedificabant.
1496 3202 1679 3265 Luth.
1757 3201 1818 3263 in

82 3282 188 3349 lib.
234 3286 310 3350 ad
349 3288 716 3354 nobilitatem
746 3289 948 3354 Germ.
1003 3289 1151 3432 BHoc
1190 3301 1385 3355 certum
1409 3288 1490 3368 fit
1543 3284 1685 3368 quod
1722 3303 1817 3343 ne-

1096 3393 1138 3446 4
1734 3381 1818 3425 mo
