2086 3640
233 158 305 200 12
500 131 1675 196 THESISSECUNDA.

224 261 368 317 erat,
430 264 534 323 per
576 241 736 322 quod
764 239 957 298 omnia
984 237 1133 298 faeta
1160 239 1309 311 sunt,
1367 240 1429 300 &
1477 240 1589 301 fine
1643 258 1760 321 quo
1807 241 1948 303 nihil

225 326 466 392 suetum,
514 323 671 401 quod
694 321 909 380 faetum
938 319 1041 389 est,
1087 320 1221 398 Joh.
1267 321 1301 380 i.
1355 344 1410 393 1,
1458 340 1516 393 2,
1564 342 1618 399 3.
1703 320 1826 381 Hic
1852 323 1949 382 ille

224 408 382 485 Jesus
430 403 684 462 Christus
712 401 814 471 est,
856 420 962 480 per
996 420 1167 481 quem
1197 401 1352 461 Deus
1379 402 1572 462 omnia
1604 401 1841 474 creavit,
1884 419 1952 464 ut

226 487 442 545 Paulus
472 483 543 542 ad
573 483 726 563 Eph.
778 481 852 540 iii.
901 503 958 561 9.
1001 502 1104 562 per
1145 503 1339 563 quem,
1384 484 1444 542 δι
1471 499 1709 564 propter
1748 504 1946 563 quem,

222 567 417 626 omnia
465 579 653 623 creata
684 563 814 623 sunt
840 562 896 623 in
926 563 1077 624 eaelis
1104 564 1166 621 &
1193 563 1249 621 in
1279 564 1463 635 terriS‚
1506 564 1749 625 vifibilia
1775 565 1838 623 δε
1865 565 1951 624 in-

224 645 485 715 vifibilia‚
535 644 650 704 five
681 643 895 716 throni,
941 643 1056 703 five
1099 643 1538 715 dominatione3‚
1586 645 1702 704 five
1738 645 1950 725 princi-

223 741 411 806 patuS‚
459 726 573 784 five
612 725 914 806 potestates
949 750 967 791 ;
1026 725 1087 784 δε
1131 724 1258 784 ideo
1303 725 1720 805 primogenitus
1762 727 1950 786 omnis

224 824 505 883 creaturae
538 806 721 867 dietus
749 807 845 867 est.
929 806 1089 865 Sicut
1132 805 1310 885 igitur
1349 805 1603 865 infinitus
1631 807 1726 866 ille
1757 807 1820 865 &
1862 807 1949 867 in-

222 888 746 968 comprehensibilis
790 903 987 948 motor
1014 887 1074 944 &
1114 889 1253 945 vitae
1281 885 1407 945 fons
1436 901 1709 966 operatur
1740 889 1798 947 in
1826 908 1950 947 cre-

222 971 400 1029 aturis
430 987 647 1029 aeterno
676 970 775 1029 suo
810 969 990 1027 verbo
1022 967 1083 1025 &
1110 967 1347 1039 virtute,
1394 966 1473 1026 ita
1504 967 1663 1028 nulla
1689 985 1950 1029 creatura

223 1053 409 1111 rursus
439 1051 512 1111 ad
549 1051 741 1111 Deum
764 1049 1041 1110 accessum
1078 1047 1272 1119 habet,
1316 1047 1417 1108 nifi
1450 1047 1530 1118 in,
1575 1047 1636 1105 &
1671 1067 1774 1128 per
1810 1050 1953 1110 Fili-

222 1153 346 1204 um,
392 1133 698 1191 secundum
728 1131 843 1210 ejus
891 1130 1006 1208 ipsa
1040 1130 1234 1189 verba.
1319 1129 1488 1188 Nemo
1534 1129 1759 1188 Patrem
1804 1134 1954 1191 novit

220 1216 319 1290 nist
368 1214 557 1282 Filius,
627 1214 696 1274 ἐρ’
743 1215 826 1272 cui
868 1211 1099 1272 voluerit
1147 1210 1316 1271 Filius
1370 1224 1608 1291 retegere.
1676 1211 1829 1271 Mat.
1870 1212 1949 1271 xi.

225 1313 320 1373 27.
369 1295 515 1354 Luc.
563 1312 618 1353 x.
664 1312 759 1352 22.
845 1291 928 1351 Et
975 1291 1162 1352 rursus
1218 1291 1330 1372 ipse
1366 1292 1467 1363 ait,
1515 1294 1628 1373 Ego
1673 1293 1795 1371 fitm
1821 1297 1941 1364 via,

220 1378 440 1446 veritas,
510 1376 579 1437 δέ
623 1379 742 1436 vita
762 1397 781 1433 .·
823 1375 920 1450 nist
956 1390 1062 1453 per
1108 1395 1189 1433 me
1234 1394 1417 1434 nemo-v
1443 1377 1551 1434 enit
1591 1371 1667 1432 ad
1700 1375 1948 1445 Patrem,

223 1458 359 1535 Joh.
392 1458 508 1516 xiv.
546 1458 598 1515 6.

302 1539 487 1597 Hmc
533 1537 1029 1617 recteappellatur
1048 1535 1345 1599 Mediator
1368 1537 1512 1597 inter
1534 1536 1729 1596 Deum
1756 1538 1817 1595 δι
1845 1537 1951 1597 ho-

222 1618 476 1678 minem:
538 1620 699 1680 Nam
730 1639 865 1678 cum
903 1618 1074 1678 fuerit
1102 1640 1236 1678 cum
1267 1618 1416 1688 De0‚
1463 1620 1537 1678 ab
1582 1617 1705 1697 ipso
1738 1619 1951 1698 princi-

220 1700 341 1779 pio,
389 1701 544 1762 Deus
578 1700 691 1780 ipse
727 1700 985 1770 existenS‚
1050 1700 1113 1758 ὅτ
1139 1702 1336 1769 etiam,
1382 1700 1439 1758 in
1468 1715 1754 1778 tempore,
1819 1719 1952 1779 par-

221 1782 396 1860 ticeps
441 1781 621 1841 faftus
667 1798 890 1841 naturae
934 1779 1201 1851 homini3‚
1267 1800 1370 1860 per
1403 1778 1568 1839 illum
1618 1779 1842 1839 bonitas
1889 1781 1952 1840 δι

218 1883 386 1921 amor
415 1863 526 1922 Dei
566 1878 795 1922 emanat
840 1862 915 1922 ad
941 1883 1118 1941 genus
1147 1862 1489 1932 humanum,
1533 1860 1617 1931 ὅτ,
1660 1859 1785 1922 vice
1821 1881 1951 1920 ver-

219 1942 295 2012 ffi,
343 1943 524 2003 homo
566 1964 670 2024 per
698 1944 865 2002 illum
894 1944 1069 2003 etiarn
1098 1941 1327 2022 accipit,
1372 1941 1434 2000 ὅτ
1460 1941 1746 2023 particeps
1775 1941 1846 2001 fit
1865 1941 1950 2001 di-

217 2025 369 2083 vinae
412 2025 828 2085 misericordiae.

302 2105 408 2165 Ex
452 2106 616 2166 dietis
654 2105 820 2166 facile
849 2105 1150 2166 deducitur
1178 2104 1342 2184 hujus
1370 2104 1772 2166 affirmationis
1813 2126 1950 2185 pro-

219 2187 402 2257 bati0,
449 2188 559 2247 hoe
581 2188 776 2247 modo.
862 2187 920 2246 Si
948 2209 1120 2248 nemo
1143 2188 1306 2248 novit
1343 2189 1579 2249 Patrem
1607 2185 1710 2246 nisi
1743 2187 1947 2260 Filius,

219 2267 284 2325 δε
319 2269 411 2326 cui
432 2270 681 2329 voluerit
709 2270 889 2330 Filius
919 2269 1193 2341 revelare,
1239 2284 1376 2329 tunc
1397 2268 1554 2328 nulla
1582 2267 1810 2328 scientia
1839 2268 1950 2328 Pa—

220 2348 322 2407 tris
354 2349 453 2408 nifi
494 2370 596 2429 per
625 2350 860 2411 Filium.
944 2352 1036 2412 At
1070 2350 1215 2411 illud
1254 2349 1339 2409 est
1384 2369 1612 2421 verum,
1677 2347 1844 2429 Ergo
1889 2349 1952 2408 δε

220 2430 350 2490 hoe.
436 2431 632 2491 Prima
683 2432 824 2491 Pars
870 2432 1248 2492 antecedentis
1298 2432 1426 2491 sunt
1473 2431 1589 2511 ipsa
1635 2429 1756 2490 Scri
1803 2446 1951 2490 turae

221 2513 415 2571 verba.
503 2513 916 2593 Consequentia
944 2514 1143 2593 negari
1170 2535 1286 2573 non
1314 2511 1523 2592 potest,
1566 2509 1671 2570 nifi
1697 2532 1730 2570 a
1800 2531 1951 2571 rme-

222 2609 340 2665 tur,
387 2593 778 2674 cognitionem
814 2594 1003 2655 Patris
1055 2595 1184 2664 effe,
1249 2594 1351 2654 ubi
1395 2593 1568 2655 Pater
1622 2591 1946 2674 ignoratur,

221 2675 382 2754 quod
418 2675 810 2736 absurdiffima
840 2675 1218 2756 repugnantia
1240 2673 1365 2734 erit.

301 2755 383 2814 IT
401 2777 431 2813 E
449 2777 523 2826 M,
568 2757 627 2814 Si
645 2758 829 2817 Filius
857 2757 939 2817 est
965 2758 1060 2816 via
1087 2756 1150 2814 &
1177 2757 1385 2815 veritas
1404 2755 1466 2814 &
1491 2754 1634 2827 vita,
1679 2755 1743 2815 δε
1770 2775 1945 2820 nemo

221 2837 382 2896 venit
421 2837 494 2896 ad
525 2838 758 2898 Patrem
786 2839 888 2898 nifi
917 2858 1021 2918 per
1049 2837 1238 2908 illurn,
1283 2851 1420 2896 tunc
1440 2836 1598 2896 nulla
1613 2836 1785 2897 datur
1806 2857 1947 2918 cog-

222 2918 367 2976 nitio
398 2918 585 2978 Patris
627 2918 730 2976 nifi
757 2939 860 2999 per
903 2920 1139 2980 Filium.
1222 2918 1349 2978 Sed>
1374 2918 1531 2998 prius
1565 2918 1650 2978 est'
1686 2938 1891 2979 verum
1923 2942 1944 2985 ;

224 2999 390 3078 Ergo
418 3000 480 3058 &
517 2999 812 3080 posterius,
897 3000 1258 3061 Antecedens
1302 2999 1431 3059 sunt
1475 3000 1590 3079 ipsa
1631 2998 1946 3079 Scripturae

223 3082 417 3140 verba.
504 3081 861 3161 Consequens
915 3082 1230 3143 luculenter
1277 3097 1567 3161 apparet;
1644 3077 1945 3160 quomodo

223 3159 378 3221 enim
417 3162 603 3240 potest
638 3163 764 3240 quis
807 3183 928 3222 rem
965 3163 1217 3244 aliquam
1251 3161 1409 3233 scire,
1454 3162 1555 3222 nifi
1598 3176 1796 3221 utatur
1821 3160 1938 3232 viai,

226 3240 338 3322 qua
383 3241 750 3302 solummodo
798 3244 1065 3304 noscitur.
1146 3242 1257 3304 Sed
1305 3243 1572 3304 haetenus
1625 3242 1941 3322 probatum

225 3323 308 3388 est
348 3343 465 3386 non
497 3323 604 3385 effe
640 3322 813 3385 aliam
856 3324 1038 3398 viam,
1100 3324 1201 3386 nifi
1246 3344 1348 3406 per
1389 3321 1627 3397 Filium,
1686 3321 1786 3412 qui
1826 3321 1942 3412 ‘hae

1455 3435 1458 3440 ν
1761 3419 1940 3483 1g1tur

2003 117 2013 151 1
