2086 3640
744 109 838 170 De
877 108 1160 189 Baptg‘smO.
1199 159 1205 166 ,
1691 113 1809 196 367

78 220 442 305 particularis
487 218 594 280 fiat
629 218 850 279 mentio
892 217 948 278 in
999 215 1284 299 plerisque
1321 216 1587 278 actorum
1638 222 1815 300 Apo-

79 304 210 364 stol.
254 300 417 374 lociS,
460 303 523 362 δε
553 320 697 381 quos
724 300 787 359 &
813 300 1112 381 quomodo
1140 298 1542 379 baptizabant,
1574 299 1636 358 δε
1680 301 1826 364 licet

22 388 25 390 ’
74 383 500 465 particulariter
534 381 914 463 exprimatur,
959 380 1117 461 quod
1145 381 1290 460 aqua
1319 380 1594 460 quosdam
1618 383 1816 461 bapti-

82 468 319 537 zabant,
369 466 508 525 Ast.
538 463 594 523 ii.
633 484 734 537 41.
790 461 906 521 viii.
946 482 1038 523 12.
1082 461 1198 522 xiii.
1231 467 1327 540 38.
1370 462 1446 522 ix.
1494 467 1584 522 18.
1621 484 1681 524 x.
1712 468 1815 538 48:

76 548 195 606 xvi.
234 566 328 623 15.
368 546 527 606 xviii.
563 548 617 604 8.
655 543 732 602 ‚de
753 542 859 603 hac
890 542 1084 602 forma
1107 564 1176 602 ne
1198 544 1432 623 quidem
1452 545 1664 605 vocula
1689 545 1814 613 est·,

78 629 311 688 duobus
350 644 545 688 autem
605 625 765 695 locis,
801 624 925 702 scil.
978 624 1119 683 Aet.
1170 624 1290 682 viii.
1354 625 1442 684 16.
1487 626 1550 684 &
1585 626 1729 687 xix-
1755 646 1812 702 5.

74 709 148 767 de
193 709 534 787 quibusdam
570 706 800 784 dicitur,
860 704 1021 785 quod
1077 708 1134 764 in
1177 708 1378 766 nomine
1423 708 1646 768 Domini
1679 710 1816 786 Jcfic

73 791 340 867 baptizati
384 802 556 852 erant.
642 787 823 847 Unde
860 787 1047 847 adhuc
1084 789 1269 867 magis
1319 805 1580 868 apparet,
1652 791 1815 871 quod

70 870 168 929 vel
204 872 415 931 author
453 869 614 948 hujus
652 867 903 928 historiae
931 868 1227 950 negligens
1262 869 1585 930 admodum
1614 870 1809 944 fuerit,

73 951 196 1031 qui,
243 955 382 1013 cum
422 953 566 1013 adeo
612 949 938 1030 frequenter
974 950 1045 1009 de
1075 950 1429 1031 baptizando
1458 952 1813 1013 mentionem

69 1030 263 1104 faciat,
327 1034 453 1094 tam
494 1030 921 1094 substantialem
966 1030 1083 1111 ejus
1137 1049 1365 1112 partem
1414 1033 1684 1104 omiserit,
1746 1034 1813 1092 δε

73 1113 186 1174 hoc
222 1115 615 1175 erit-sanctum
652 1111 935 1192 Spiritum
976 1113 1256 1183 accusare,
1304 1112 1461 1190 cujus
1484 1114 1660 1173 ductu
1688 1116 1812 1176 Lu-

69 1215 199 1255 cam
228 1216 357 1256 eam
385 1193 651 1276 scripfifse
689 1193 954 1262 constat3
1017 1194 1111 1253 vel
1152 1193 1311 1274 quod
1362 1194 1599 1253 minime
1642 1195 1812 1256 intel-

67 1275 310 1336 lexerint
351 1275 648 1357 Apostoli,
694 1275 986 1335 Christum
1036 1296 1142 1356 per
1170 1275 1315 1335 illud
1355 1276 1576 1336 Matth.
1608 1278 1808 1338 xxviii.

66 1355 361 1434 injunxisse
408 1359 484 1417 eis
512 1357 691 1418 talem
733 1357 880 1437 aqua
909 1357 1243 1438 baptizandi
1280 1356 1555 1428 formam,
1602 1360 1809 1439 quoni-

65 1458 162 1496 am
219 1437 282 1498 ea
323 1439 510 1500 forma
548 1459 665 1499 non
691 1437 775 1498 ufi
803 1437 973 1505 sunt3
1033 1438 1275 1519 ideoque
1325 1439 1500 1497 tutius
1537 1438 1616 1498 est
1669 1461 1810 1500 con-

63 1518 317 1592 cludere,
368 1520 546 1602 quod,
591 1519 730 1601 quid
770 1518 1007 1579 fecerint
1044 1519 1100 1580 in
1151 1519 1599 1579 administrando
1641 1542 1807 1602 aquae

66 1600 438 1679 baptismum,
484 1622 600 1660 non
642 1599 880 1661 fecerint
913 1600 1128 1660 virtute
1166 1601 1317 1661 illius
1367 1601 1802 1674 commissionis,

62 1681 318 1761 alioquin
353 1683 417 1743 ea
460 1683 652 1743 forma
681 1681 857 1741 etiam
895 1681 980 1741 ufi
1007 1682 1250 1742 fuiffent.
1339 1683 1479 1742 Non
1517 1683 1670 1743 enim
1696 1685 1808 1746 du·-

64 1762 216 1833 bito,
283 1765 423 1843 quin
466 1761 767 1825 adversarii
826 1783 1102 1843 magnam
1163 1763 1402 1826 haerefin
1462 1763 1803 1838 iudicarent,

64 1843 416 1924 baptismum
438 1845 831 1906 administrare
872 1843 985 1904 fine
1014 1844 1111 1904 illa
1140 1844 1355 1916 forma,
1400 1847 1495 1905 vel
1532 1845 1721 1907 solum
1746 1848 1805 1908 in

59 1926 292 1986 nomine
320 1928 494 2006 ·Jesu‚
567 1946 684 1987 non
736 1924 998 1987 faciendo
1060 1927 1411 1986 mentionem
1463 1927 1649 1988 Patris
1704 1947 1806 1990 aut

63 2006 216 2077 Filii,
263 2005 408 2068 ficut
466 2008 538 2067 de
584 2007 649 2067 iis
686 2006 1037 2087 exprimitur
1075 2007 1134 2066 in
1175 2007 1403 2068 duobus
1446 2007 1584 2068 locis
1631 2010 1805 2091 supra.

58 2088 263 2148 citatis.
345 2088 610 2149 Secundo
660 2091 832 2160 aiunt,
887 2087 926 2147 fi
972 2089 1084 2148 hoe
1119 2108 1236 2149 non
1272 2088 1690 2170 intelligeretur
1730 2092 1806 2151 de

55 2187 225 2248 aquae
274 2169 584 2251 baptismo,
627 2168 789 2229 foret
820 2170 1171 2252 tautologia,
1217 2170 1370 2230 idem
1412 2171 1627 2252 quippe
1661 2193 1801 2233 cum

56 2249 337 2310 docendo,
425 2255 582 2332 Resp.
613 2251 1042 2333 Nequaquam:
1086 2252 1384 2332 baptizare
1408 2252 1562 2311 enim
1584 2253 1801 2334 Spiritu

57 2331 139 2389 est
175 2330 314 2412 quid
347 2332 527 2406 aliud,
573 2331 752 2413 quam
792 2332 1021 2404 docere,
1065 2333 1159 2392 vel
1198 2334 1557 2393 intellectum
1591 2334 1800 2395 instru-

55 2431 150 2471 ere
184 2436 203 2479 3
264 2412 549 2494 importat
585 2414 740 2475 enim
782 2414 958 2473 corda
1006 2414 1348 2476 mollificare
1397 2416 1459 2473 ὅτ
1487 2415 1794 2495 attingere,

53 2513 173 2572 quo
221 2492 322 2554 illa
360 2510 777 2555 convertuntur
821 2515 938 2555 non
972 2495 1180 2566 minuS,
1226 2497 1405 2576 quam
1456 2496 1643 2576 capita
1666 2517 1797 2575 per·

54 2574 402 2639 suadentur:
447 2575 541 2634 sed
579 2574 781 2655 saepius
820 2576 877 2635 in
918 2576 1213 2656 Scriptura
1258 2578 1571 2657 reperimus
1617 2577 1798 2639 docere

56 2655 119 2713 δε
154 2658 412 2732 instruere
459 2656 627 2717 fimul
656 2657 863 2737 polita,
931 2654 1046 2716 fine
1074 2656 1424 2718 absurditate
1461 2674 1560 2718 aut
1601 2673 1791 2718 tauto-

55 2734 234 2815 logia,
287 2757 423 2817 ,quae
483 2753 678 2798 tamen
718 2736 1000 2817 majorem
1041 2737 1103 2796 δε
1140 2738 1560 2818 proximiorem
1606 2741 1794 2800 affini-

53 2831 236 2876 tatem
292 2818 525 2888 habent‚
603 2817 782 2901 quam
841 2818 1048 2878 docere
1093 2819 1156 2877 &
1216 2820 1430 2900 Spiritu
1474 2820 1790 2900 baptizare.

57 2897 269 2956 Tertio
307 2902 479 2969 aiunt,
528 2899 881 2979 baptismum
910 2900 1021 2960 hoc
1064 2899 1197 2960 loco
1241 2922 1345 2980 per
1376 2922 1584 2983 aquam
1625 2902 1789 2973 intel-

52 2977 356 3057 ligendum
396 2981 528 3049 effe,
592 2979 726 3060 quia
772 2980 863 3039 'est
915 2980 1067 3040 aetio
1117 2982 1545 3061 Apostolorum
1598 2983 1790 3062 bapti-

53 3058 316 3118 zantium
342 3080 459 3131 εοε,
506 3059 621 3121 &a
667 3059 912 3141 ideoque
960 3082 1074 3121 non
1116 3063 1222 3122 esse
1266 3064 1613 3144 baptismum
1659 3065 1788 3144 Spi-

52 3139 214 3210 rituS,
258 3141 417 3220 quod
455 3161 601 3220 opus
650 3141 858 3209 Christi
905 3141 966 3202 &
1013 3144 1218 3223 gratiae
1267 3141 1385 3222 ejus
1432 3145 1533 3215 est,
1578 3144 1641 3203 δε
1668 3167 1784 3206 non

57 3219 323 3281 homini&
409 3225 566 3301 Rasp.
598 3215 768 3284 Licet
793 3224 1103 3303 baptismus
1130 3224 1377 3304 Spiritus
1399 3246 1513 3285 non
1547 3227 1650 3285 fiat
1671 3226 1785 3286 fine

53 3301 284 3365 Christo
321 3303 383 3364 &
424 3302 612 3386 gratia
646 3301 786 3382 ejus,
831 3305 1335 3368 instrumentaliter
1365 3312 1556 3370 tamen
1585 3309 1660 3369 ab
1684 3308 1786 3367 ho·

1535 3387 1783 3451 minibus
