2086 3640
364 77 456 139 De
479 76 632 153 statu
671 73 942 141 naiuralis
982 78 1202 140 hominis
1243 81 1299 140 in
1342 77 1506 159 lapfic.
1724 94 1802 159 77

83 185 247 245 suum
287 183 510 242 trahere
550 199 622 242 ex
662 198 859 244 amore
898 183 1000 255 sui,
1046 205 1174 263 quae
1217 205 1412 245 amara
1452 180 1812 243 illa&acer-

88 268 166 327 ba
207 263 367 325 radix
407 263 509 333 est,
554 283 626 323 ex
673 263 781 342 qua
824 284 1023 322 omnes
1063 285 1282 324 errores
1325 265 1629 324 oriuntur:
1673 283 1811 322 nam

60 346 349 427 ¹plerique
390 343 860 415 Protestantium,
907 345 1006 424 qui
1047 346 1192 404 hanc
1234 361 1425 405 tenent
1454 344 1809 426 opinionem,

38 448 42 452 ·
91 431 229 487 curn
250 426 496 488 habeant
535 428 624 500 (ut
662 423 996 503 opinantur)
1018 426 1347 485 absolutum
1386 427 1676 488 electionis
1716 425 1815 484 de-

89 525 335 579 cretum,
399 525 517 585 quo
555 505 617 563 &
661 504 770 577 illi,
813 505 876 564 δε
913 504 1017 575 sui,
1081 506 1154 565 ad
1193 507 1376 566 vitam
1417 505 1813 587 praeordinati,

89 591 329 649 salutem
374 601 651 648 aeternam
691 605 1053 666 nequaquam
1100 587 1364 647 amittere
1405 591 1656 667 possunt,
1699 606 1818 648 non

86 669 355 730 dubitant
393 683 630 729 caeteros
669 687 892 739 omneS,
934 666 995 725 &
1034 665 1185 726 senes
1232 668 1292 726 &c
1333 668 1679 750 impuberes,
1744 667 1822 728 ad

88 749 374 811 infernum
400 749 644 809 mittere.
730 749 914 820 Nam,
961 768 1094 808 cum
1116 769 1283 808 amor
1302 749 1382 809 sui
1425 751 1545 830 (qui
1566 752 1816 829 semper,

88 831 250 912 quod
285 831 467 912 cupit,
512 830 748 890 inclinat
766 829 1018 909 credere)
1058 829 1218 910 spem
1241 830 1351 889 illis
1382 834 1659 910 praebeat,
1684 851 1819 909 par-

92 930 178 974 tes
219 913 339 972 suas
380 913 488 972 effe
526 912 746 983 firmaS,
791 911 1034 971 &extra
1077 911 1402 991 periculum
1445 914 1676 993 pofitas,
1710 912 1820 970 mi-

92 996 248 1055 nime
286 993 398 1053 illis
439 1012 593 1052 curae
633 992 737 1064 est,
804 1009 1039 1052 caeteros
1094 1013 1291 1052 omnes
1355 994 1651 1064 mort-alm,
1721 992 1822 1071 qui

95 1075 348 1137 maxima
389 1072 566 1154 longe
628 1093 759 1153 pars
798 1073 946 1146 sunt,
994 1075 1052 1134 in
1094 1074 1530 1135 difficultatibus
1583 1075 1694 1133 illis
1739 1075 1824 1131 in-

90 1156 522 1218 extricabilibus
581 1154 989 1234 derelinquere.
1096 1155 1391 1215 Pontificii
1451 1172 1646 1216 autem
1716 1154 1824 1213 hac

93 1240 386 1319 opinione,
451 1235 607 1318 quafi
647 1235 918 1309 artificio,
964 1252 1204 1296 utuntur
1253 1237 1325 1295 ad
1367 1235 1693 1316 augendam
1734 1256 1826 1294 ec-

95 1320 280 1380 clefiae
316 1319 428 1379 suae
470 1317 901 1390 authoritatem,
956 1319 1018 1377 δε
1056 1319 1547 1378 sacramentorum
1587 1336 1826 1376 venera-

95 1402 359 1466 tionem·‚
404 1401 541 1459 cum
564 1415 867 1480 peccatum
909 1399 1019 1458 hoc
1062 1398 1352 1479 baptismo
1375 1400 1641 1459 ablutum
1671 1399 1828 1456 affir-

95 1499 293 1544 ment:
355 1482 412 1542 in
474 1481 584 1542 hoc
626 1496 817 1541 tamen
874 1481 1057 1560 magis
1107 1480 1496 1540 misericordes
1535 1480 1826 1551 videntur,

93 1564 256 1645 quod
303 1564 691 1642 inbaptizatos
732 1562 864 1621 illos
904 1561 1165 1632 infante8‚
1231 1582 1347 1621 non
1407 1562 1479 1620 ad
1521 1560 1827 1631 infernum,

94 1648 192 1707 sed
221 1644 295 1704 ad
337 1645 585 1705 limbum
606 1643 894 1721 quendam
936 1643 1214 1721 relegent,
1267 1643 1339 1700 de
1361 1662 1478 1722 quo
1516 1642 1832 1720 Scripturas

97 1723 298 1802 etiam,
345 1725 488 1786 ficut
525 1725 596 1783 de
636 1725 843 1793 altero,
898 1723 1138 1781 omnino
1188 1721 1368 1783 filent.
1455 1724 1611 1783 Haec
1652 1722 1834 1802 igitur

99 1808 299 1890 opinio
320 1827 437 1866 non
457 1806 646 1864 solum
677 1803 1105 1883 Scripturarum
1145 1803 1496 1864 authoritate
1518 1821 1694 1873 caret,
1739 1804 1837 1864 sed

99 1890 361 1970 expreffo
401 1907 601 1946 earum
645 1885 972 1945 testimonio
1015 1887 1300 1946 contraria
1342 1887 1441 1946 est.
1509 1885 1844 1966 Apostolus·

94 1973 175 2032 ad
214 1972 392 2030 Rom.
435 1968 510 2027 iv.
562 1987 653 2046 15.
699 1966 903 2027 diserte
942 1966 1216 2040 affirmat,
1262 1970 1470 2028 ubinon
1511 1971 1588 2027 eft*
1625 1966 1729 2038 lex,
1764 1970 1837 2028 ihi

99 2075 193 2116 nec
222 2052 628 2130 praevaricatiO.
715 2047 798 2107 Et
843 2047 1075 2119 iterum,
1121 2069 1245 2128 cap.
1300 2071 1356 2109 v.
1399 2070 1520 2109 ver.
1576 2069 1665 2126 13.
1711 2065 1836 2127 pec-

101 2149 277 2196 catum
317 2134 448 2191 verb
498 2131 592 2210 ‘ff'
629 2151 731 2190 non
761 2141 1010 2206 putatur,
1075 2149 1176 2190 non
1225 2133 1465 2207 existente
1505 2130 1612 2210 lege
1632 2152 1650 2188 :
1710 2131 1837 2210 qui-

105 2219 210 2278 bus
257 2215 482 2274 duobus
523 2210 856 2271 testimoniis
896 2210 1035 2271 nihil
1085 2210 1428 2273 luculentius
1468 2213 1577 2271 effe
1626 2213 1834 2291 potest.

103 2295 422 2359 Infantibus
463 2294 618 2353 enim
659 2292 754 2352 lex
783 2293 942 2351 nulla
981 2292 1084 2361 est,
1131 2292 1407 2372 siquidem
1431 2293 1571 2372 legis
1595 2294 1837 2355 omnino

102 2381 400 2458 incapaces
443 2375 602 2436 sunt:
667 2373 760 2433 lex
801 2373 991 2432 nullos
1031 2376 1432 2453 apprehendit,
1478 2373 1579 2433 nifi
1622 2374 1719 2454 qui
1760 2373 1839 2433 se'-

103 2460 360 2521 cundum
382 2456 636 2536 aliquam
678 2455 999 2515 mensuram
1041 2453 1170 2535 plus
1193 2455 1378 2516 minus
1422 2456 1654 2515 rationis
1677 2455 1836 2514 usum

105 2543 340 2611 habent,
384 2558 558 2618 quem
599 2535 836 2596 infantes
864 2556 980 2595 non
1020 2536 1250 2599 habent.
1335 2537 1429 2597 Ex
1470 2536 1631 2594 dictis
1663 2536 1838 2616 igitur

91 2622 183 2697 ¹fic
222 2635 617 2701 argumentor.
703 2618 1014 2678 Peccatum
1055 2638 1171 2678 non
1219 2618 1541 2698 imputatur
1581 2618 1666 2688 iis,
1713 2618 1837 2697 qui-

106 2705 213 2764 bus
234 2702 395 2763 nulla
415 2701 495 2761 est
537 2699 668 2763 lex:
713 2696 823 2757 Sed
842 2697 1148 2759 infantibus
1190 2699 1351 2759 nulla
1391 2699 1470 2758 est
1493 2698 1622 2758 lex:
1671 2697 1837 2779 Ergo

107 2799 413 2864 peccatum
453 2779 762 2841 infantibus
792 2800 907 2839 non
932 2784 1270 2861 imputatur.
1357 2780 1689 2860 Proposltio
1710 2780 1840 2839 sunt

103 2863 277 2943 iplius
308 2860 586 2941 Apostoli
623 2862 840 2921 verba:
886 2860 1193 2940 affumptio
1237 2861 1311 2920 fic
1342 2863 1669 2940 probatur,
1716 2862 1838 2944 Qi

103 2945 209 3005 sub
232 2944 466 3025 phyfica
490 2941 943 3023 impoffibilitate
977 2942 1103 3002 sunt
1121 2941 1215 3000 vel
1253 2942 1535 3013 audiendi,
1581 2943 1673 3017 vel
1699 2963 1839 3023 cog-

104 3025 391 3095 noscendi,
437 3021 531 3083 vel
572 3022 930 3103 intelligendi
972 3022 1153 3083 ullam
1194 3022 1409 3104 legem,
1473 3023 1533 3083 &
1573 3023 1673 3084 ubi
1715 3024 1839 3084 haec

111 3105 535 3186 impoffibilitas
575 3125 692 3165 non
729 3103 997 3184 provenit
1037 3106 1113 3164 ab
1154 3105 1349 3184 aliquo
1392 3105 1635 3186 proprio
1687 3104 1838 3185 ipso-

110 3207 243 3247 rum
281 3188 433 3257 τιᾶυ,
498 3186 593 3245 sed
634 3186 706 3246 fit
743 3185 1050 3245 secundum
1091 3185 1275 3263 ipsum
1316 3202 1534 3246 naturae
1578 3185 1838 3251 ordinem

114 3265 148 3334 ᾗ
196 3269 326 3332 Deo
371 3267 722 3349 ordinatum²
769 3266 977 3346 talibus
1018 3266 1180 3338 nulla
1218 3266 1299 3330 est
1342 3267 1470 3330 lex:
1516 3268 1625 3330 Sed
1657 3266 1838 3330 inf-am

965 3389 970 3393 ·
1759 3364 1839 3408 tes
