<?xml version="1.0" encoding="UTF-8"?>
<!DOCTYPE html PUBLIC "-//W3C//DTD XHTML 1.0 Transitional//EN"
    "http://www.w3.org/TR/xhtml1/DTD/xhtml1-transitional.dtd">
<html xmlns="http://www.w3.org/1999/xhtml" xml:lang="en" lang="en">
 <head>
  <title>
</title>
<meta http-equiv="Content-Type" content="text/html;charset=utf-8" />
  <meta name='ocr-system' content='tesseract 3.04.00' />
  <meta name='ocr-capabilities' content='ocr_page ocr_carea ocr_par ocr_line ocrx_word'/>
</head>
<body>
  <div class='ocr_page' id='page_1' title='image "./theologiaeverech00barcuoft_0277.png"; bbox 0 0 2086 3640; ppageno 0'>
   <div class='ocr_carea' id='block_1_1' title="bbox 360 63 1840 158">
    <p class='ocr_par' dir='ltr' id='par_1_1' title="bbox 360 63 1840 158">
     <span class='ocr_line' id='line_1_1' title="bbox 360 63 1840 158; baseline -0.014 -10"><span class='ocrx_word' id='word_1_1' title='bbox 360 83 451 148; x_wconf 79' lang='lat' dir='ltr'>De</span> <span class='ocrx_word' id='word_1_2' title='bbox 493 77 773 158; x_wconf 71' lang='lat' dir='ltr'>Mmstris</span> <span class='ocrx_word' id='word_1_3' title='bbox 810 72 882 140; x_wconf 64' lang='grc' dir='ltr'>ἔθ’</span> <span class='ocrx_word' id='word_1_4' title='bbox 926 70 1236 152; x_wconf 80' lang='lat' dir='ltr'>Pastoribus</span> <span class='ocrx_word' id='word_1_5' title='bbox 1280 63 1541 151; x_wconf 68' lang='lat' dir='ltr'>Ecclqsiae.</span> <span class='ocrx_word' id='word_1_6' title='bbox 1720 88 1840 154; x_wconf 85' lang='lat'>249</span> 
     </span>
    </p>
   </div>
   <div class='ocr_carea' id='block_1_2' title="bbox 108 173 1904 3402">
    <p class='ocr_par' dir='ltr' id='par_1_2' title="bbox 108 173 1904 1884">
     <span class='ocr_line' id='line_1_2' title="bbox 118 173 1844 262; baseline -0.005 -13"><span class='ocrx_word' id='word_1_7' title='bbox 118 192 204 255; x_wconf 72' lang='lat' dir='ltr'>ria</span> <span class='ocrx_word' id='word_1_8' title='bbox 222 183 318 253; x_wconf 42' lang='lat' dir='ltr'>&#39;fad&#39;</span> <span class='ocrx_word' id='word_1_9' title='bbox 338 207 541 262; x_wconf 61' lang='lat' dir='ltr'>verum</span> <span class='ocrx_word' id='word_1_10' title='bbox 569 183 892 246; x_wconf 82' lang='lat' dir='ltr'>ministrum</span> <span class='ocrx_word' id='word_1_11' title='bbox 921 178 1395 240; x_wconf 87' lang='lat' dir='ltr'>constituendum.</span> <span class='ocrx_word' id='word_1_12' title='bbox 1449 173 1634 258; x_wconf 82' lang='lat' dir='ltr'>Qod</span> <span class='ocrx_word' id='word_1_13' title='bbox 1653 179 1844 255; x_wconf 71' lang='lat' dir='ltr'>gratia</span> 
     </span>
     <span class='ocr_line' id='line_1_3' title="bbox 119 257 1849 336; baseline -0.014 0"><span class='ocrx_word' id='word_1_14' title='bbox 119 272 420 336; x_wconf 68' lang='lat' dir='ltr'>necessaria</span> <span class='ocrx_word' id='word_1_15' title='bbox 459 268 529 329; x_wconf 89' lang='lat' dir='ltr'>fit</span> <span class='ocrx_word' id='word_1_16' title='bbox 562 267 638 331; x_wconf 83' lang='lat' dir='ltr'>ad</span> <span class='ocrx_word' id='word_1_17' title='bbox 675 260 997 326; x_wconf 85' lang='lat' dir='ltr'>faciendum</span> <span class='ocrx_word' id='word_1_18' title='bbox 1047 260 1457 329; x_wconf 79' lang='lat' dir='ltr'>Christianum,</span> <span class='ocrx_word' id='word_1_19' title='bbox 1516 278 1633 318; x_wconf 90' lang='lat' dir='ltr'>non</span> <span class='ocrx_word' id='word_1_20' title='bbox 1681 257 1849 319; x_wconf 88' lang='lat' dir='ltr'>dubi.</span> 
     </span>
     <span class='ocr_line' id='line_1_4' title="bbox 123 338 1846 430; baseline -0.009 -15"><span class='ocrx_word' id='word_1_21' title='bbox 123 354 364 424; x_wconf 88' lang='lat' dir='ltr'>tabitur,</span> <span class='ocrx_word' id='word_1_22' title='bbox 406 353 527 412; x_wconf 62' lang='lat' dir='ltr'>cz‘tm</span> <span class='ocrx_word' id='word_1_23' title='bbox 562 347 752 430; x_wconf 70' lang='lat' dir='ltr'>gratid</span> <span class='ocrx_word' id='word_1_24' title='bbox 776 343 990 424; x_wconf 58' lang='lat' dir='ltr'>salvati</span> <span class='ocrx_word' id='word_1_25' title='bbox 1012 344 1202 420; x_wconf 83' lang='lat' dir='ltr'>fimus,</span> <span class='ocrx_word' id='word_1_26' title='bbox 1248 340 1404 421; x_wconf 88' lang='lat' dir='ltr'><strong>Eph.</strong></span> <span class='ocrx_word' id='word_1_27' title='bbox 1453 338 1510 397; x_wconf 62' lang='grc' dir='ltr'>ἰί.Δ</span> <span class='ocrx_word' id='word_1_28' title='bbox 1565 342 1619 398; x_wconf 92' lang='lat'>8.</span> <span class='ocrx_word' id='word_1_29' title='bbox 1655 344 1846 420; x_wconf 79' lang='lat' dir='ltr'>gratia</span> 
     </span>
     <span class='ocr_line' id='line_1_5' title="bbox 121 421 1849 508; baseline -0.008 -13"><span class='ocrx_word' id='word_1_30' title='bbox 121 438 232 495; x_wconf 85' lang='lat' dir='ltr'>Dei</span> <span class='ocrx_word' id='word_1_31' title='bbox 270 435 411 494; x_wconf 85' lang='lat' dir='ltr'>docet</span> <span class='ocrx_word' id='word_1_32' title='bbox 445 451 535 492; x_wconf 89' lang='lat' dir='ltr'>nos</span> <span class='ocrx_word' id='word_1_33' title='bbox 561 429 820 508; x_wconf 79' lang='lat' dir='ltr'>abnegare</span> <span class='ocrx_word' id='word_1_34' title='bbox 833 427 1187 502; x_wconf 56' lang='lat' dir='ltr'>,impietatem</span> <span class='ocrx_word' id='word_1_35' title='bbox 1235 424 1303 484; x_wconf 53' lang='grc' dir='ltr'>ἐξ</span> <span class='ocrx_word' id='word_1_36' title='bbox 1332 423 1496 505; x_wconf 86' lang='lat' dir='ltr'>hujus</span> <span class='ocrx_word' id='word_1_37' title='bbox 1535 421 1718 480; x_wconf 88' lang='lat' dir='ltr'>mundi</span> <span class='ocrx_word' id='word_1_38' title='bbox 1756 444 1849 482; x_wconf 84' lang='lat' dir='ltr'>cu-</span> 
     </span>
     <span class='ocr_line' id='line_1_6' title="bbox 108 499 1849 595; baseline -0.003 -27"><span class='ocrx_word' id='word_1_39' title='bbox 108 517 386 595; x_wconf 78' lang='lat' dir='ltr'>piditates,</span> <span class='ocrx_word' id='word_1_40' title='bbox 431 513 501 575; x_wconf 54' lang='grc' dir='ltr'>ΕΒ</span> <span class='ocrx_word' id='word_1_41' title='bbox 519 499 615 591; x_wconf 59' lang='lat' dir='ltr'>pii?</span> <span class='ocrx_word' id='word_1_42' title='bbox 652 511 722 573; x_wconf 81' lang='lat'><em>&amp;</em></span> <span class='ocrx_word' id='word_1_43' title='bbox 742 499 879 587; x_wconf 51' lang='lat' dir='ltr'>jfflef</span> <span class='ocrx_word' id='word_1_44' title='bbox 896 508 1106 576; x_wconf 85' lang='lat' dir='ltr'>vivere,</span> <span class='ocrx_word' id='word_1_45' title='bbox 1150 503 1279 562; x_wconf 91' lang='lat' dir='ltr'>Tit.</span> <span class='ocrx_word' id='word_1_46' title='bbox 1309 502 1365 561; x_wconf 86' lang='lat' dir='ltr'>ii.</span> <span class='ocrx_word' id='word_1_47' title='bbox 1396 525 1420 564; x_wconf 87' lang='lat'>1</span> <span class='ocrx_word' id='word_1_48' title='bbox 1439 525 1489 562; x_wconf 92' lang='lat'>1.</span> <span class='ocrx_word' id='word_1_49' title='bbox 1511 501 1849 563; x_wconf 78' lang='lat' dir='ltr'>&amp;Christus</span> 
     </span>
     <span class='ocr_line' id='line_1_7' title="bbox 119 582 1848 672; baseline -0.007 -16"><span class='ocrx_word' id='word_1_50' title='bbox 119 596 323 656; x_wconf 74' lang='lat' dir='ltr'>diserte</span> <span class='ocrx_word' id='word_1_51' title='bbox 370 591 474 663; x_wconf 83' lang='lat' dir='ltr'>ait,</span> <span class='ocrx_word' id='word_1_52' title='bbox 533 590 670 672; x_wconf 84' lang='lat' dir='ltr'>quod</span> <span class='ocrx_word' id='word_1_53' title='bbox 703 590 823 667; x_wconf 81' lang='lat' dir='ltr'>fine</span> <span class='ocrx_word' id='word_1_54' title='bbox 859 586 958 652; x_wconf 78' lang='lat' dir='ltr'>illo</span> <span class='ocrx_word' id='word_1_55' title='bbox 1003 585 1145 646; x_wconf 83' lang='lat' dir='ltr'><em>nihil</em></span> <span class='ocrx_word' id='word_1_56' title='bbox 1199 605 1351 664; x_wconf 82' lang='lat' dir='ltr'>agere</span> <span class='ocrx_word' id='word_1_57' title='bbox 1380 582 1662 664; x_wconf 75' lang='lat' dir='ltr'>poffitmus‚</span> <span class='ocrx_word' id='word_1_58' title='bbox 1707 584 1848 663; x_wconf 78' lang='lat' dir='ltr'>Joh:</span> 
     </span>
     <span class='ocr_line' id='line_1_8' title="bbox 119 665 1904 752; baseline -0.006 -16"><span class='ocrx_word' id='word_1_59' title='bbox 119 697 218 737; x_wconf 85' lang='lat' dir='ltr'>xv:</span> <span class='ocrx_word' id='word_1_60' title='bbox 258 694 312 751; x_wconf 89' lang='lat'>5.</span> <span class='ocrx_word' id='word_1_61' title='bbox 357 672 427 734; x_wconf 56' lang='grc' dir='ltr'>δᾶ</span> <span class='ocrx_word' id='word_1_62' title='bbox 451 676 636 752; x_wconf 85' lang='lat' dir='ltr'>gratia</span> <span class='ocrx_word' id='word_1_63' title='bbox 662 674 790 749; x_wconf 64' lang='lat' dir='ltr'>fita,</span> <span class='ocrx_word' id='word_1_64' title='bbox 832 668 944 748; x_wconf 71' lang='lat' dir='ltr'>qud</span> <span class='ocrx_word' id='word_1_65' title='bbox 982 687 1074 727; x_wconf 87' lang='lat' dir='ltr'>nos</span> <span class='ocrx_word' id='word_1_66' title='bbox 1104 667 1277 747; x_wconf 83' lang='lat' dir='ltr'>juvat</span> <span class='ocrx_word' id='word_1_67' title='bbox 1317 665 1387 726; x_wconf 63' lang='grc' dir='ltr'>δέ)</span> <span class='ocrx_word' id='word_1_68' title='bbox 1430 666 1684 743; x_wconf 57' lang='lat' dir='ltr'>nobilium</span> <span class='ocrx_word' id='word_1_69' title='bbox 1730 681 1850 744; x_wconf 81' lang='lat' dir='ltr'>ope·</span> <span class='ocrx_word' id='word_1_70' title='bbox 1901 734 1904 737; x_wconf 46' lang='grc'><em>,</em></span> 
     </span>
     <span class='ocr_line' id='line_1_9' title="bbox 116 745 1848 838; baseline -0.006 -21"><span class='ocrx_word' id='word_1_71' title='bbox 116 770 296 818; x_wconf 79' lang='lat' dir='ltr'>ratur.</span> <span class='ocrx_word' id='word_1_72' title='bbox 381 754 544 812; x_wconf 90' lang='lat' dir='ltr'>Hinc</span> <span class='ocrx_word' id='word_1_73' title='bbox 592 751 777 830; x_wconf 87' lang='lat' dir='ltr'>inquit</span> <span class='ocrx_word' id='word_1_74' title='bbox 812 749 1021 819; x_wconf 79' lang='lat' dir='ltr'>Paule,</span> <span class='ocrx_word' id='word_1_75' title='bbox 1060 749 1248 838; x_wconf 79' lang='lat' dir='ltr'>gratia</span> <span class='ocrx_word' id='word_1_76' title='bbox 1294 766 1411 804; x_wconf 86' lang='lat' dir='ltr'>mea</span> <span class='ocrx_word' id='word_1_77' title='bbox 1461 747 1558 805; x_wconf 86' lang='lat' dir='ltr'>tibi</span> <span class='ocrx_word' id='word_1_78' title='bbox 1595 745 1848 824; x_wconf 76' lang='lat' dir='ltr'>fitfficiat:</span> 
     </span>
     <span class='ocr_line' id='line_1_10' title="bbox 117 825 1850 910; baseline -0.007 -11"><span class='ocrx_word' id='word_1_79' title='bbox 117 835 472 899; x_wconf 83' lang='lat' dir='ltr'>Christianus</span> <span class='ocrx_word' id='word_1_80' title='bbox 526 833 731 893; x_wconf 64' lang='lat' dir='ltr'>reverit·</span> <span class='ocrx_word' id='word_1_81' title='bbox 778 828 893 889; x_wconf 83' lang='lat' dir='ltr'>fine</span> <span class='ocrx_word' id='word_1_82' title='bbox 939 828 1126 910; x_wconf 55' lang='lat' dir='ltr'>grati&amp;</span> <span class='ocrx_word' id='word_1_83' title='bbox 1179 847 1297 887; x_wconf 91' lang='lat' dir='ltr'>non</span> <span class='ocrx_word' id='word_1_84' title='bbox 1340 825 1421 885; x_wconf 91' lang='lat' dir='ltr'>est</span> <span class='ocrx_word' id='word_1_85' title='bbox 1477 826 1850 898; x_wconf 73' lang='lat' dir='ltr'>ChristianuS,</span> 
     </span>
     <span class='ocr_line' id='line_1_11' title="bbox 117 906 1853 1007; baseline -0.006 -28"><span class='ocrx_word' id='word_1_86' title='bbox 117 918 212 979; x_wconf 93' lang='lat' dir='ltr'>sed</span> <span class='ocrx_word' id='word_1_87' title='bbox 254 913 579 997; x_wconf 83' lang='lat' dir='ltr'>hypocrita.</span> <span class='ocrx_word' id='word_1_88' title='bbox 662 909 826 973; x_wconf 89' lang='lat' dir='ltr'>Hinc</span> <span class='ocrx_word' id='word_1_89' title='bbox 864 929 1073 990; x_wconf 86' lang='lat' dir='ltr'>arguo,</span> <span class='ocrx_word' id='word_1_90' title='bbox 1119 908 1304 1007; x_wconf 77' lang='lat' dir='ltr'>Qod</span> <span class='ocrx_word' id='word_1_91' title='bbox 1347 906 1388 964; x_wconf 88' lang='lat' dir='ltr'>fi</span> <span class='ocrx_word' id='word_1_92' title='bbox 1429 908 1617 986; x_wconf 81' lang='lat' dir='ltr'>gratia</span> <span class='ocrx_word' id='word_1_93' title='bbox 1664 911 1853 968; x_wconf 76' lang='lat' dir='ltr'>neces-</span> 
     </span>
     <span class='ocr_line' id='line_1_12' title="bbox 117 987 1854 1078; baseline -0.005 -18"><span class='ocrx_word' id='word_1_94' title='bbox 117 998 261 1060; x_wconf 81' lang='lat' dir='ltr'>saria</span> <span class='ocrx_word' id='word_1_95' title='bbox 290 997 361 1057; x_wconf 91' lang='lat' dir='ltr'>fit</span> <span class='ocrx_word' id='word_1_96' title='bbox 386 999 637 1078; x_wconf 62' lang='lat' dir='ltr'>{privato</span> <span class='ocrx_word' id='word_1_97' title='bbox 652 990 999 1061; x_wconf 80' lang='lat' dir='ltr'>Christiano,</span> <span class='ocrx_word' id='word_1_98' title='bbox 1043 990 1234 1048; x_wconf 91' lang='lat' dir='ltr'>multo</span> <span class='ocrx_word' id='word_1_99' title='bbox 1263 988 1448 1072; x_wconf 86' lang='lat' dir='ltr'>magis</span> <span class='ocrx_word' id='word_1_100' title='bbox 1487 987 1854 1067; x_wconf 84' lang='lat' dir='ltr'>praedicatori</span> 
     </span>
     <span class='ocr_line' id='line_1_13' title="bbox 119 1068 1850 1157; baseline -0.006 -17"><span class='ocrx_word' id='word_1_101' title='bbox 119 1077 469 1147; x_wconf 65' lang='lat' dir='ltr'>Christiane,</span> <span class='ocrx_word' id='word_1_102' title='bbox 513 1075 614 1155; x_wconf 91' lang='lat' dir='ltr'>qui</span> <span class='ocrx_word' id='word_1_103' title='bbox 648 1071 818 1156; x_wconf 28' lang='lat' dir='ltr'>quafi‘</span> <span class='ocrx_word' id='word_1_104' title='bbox 843 1086 1008 1152; x_wconf 83' lang='lat' dir='ltr'>pater</span> <span class='ocrx_word' id='word_1_105' title='bbox 1048 1070 1112 1128; x_wconf 85' lang='lat'>&amp;</span> <span class='ocrx_word' id='word_1_106' title='bbox 1139 1070 1385 1130; x_wconf 84' lang='lat' dir='ltr'>aliorum</span> <span class='ocrx_word' id='word_1_107' title='bbox 1415 1068 1720 1157; x_wconf 61' lang='lat' dir='ltr'>instructor</span> <span class='ocrx_word' id='word_1_108' title='bbox 1744 1071 1850 1143; x_wconf 85' lang='lat' dir='ltr'>est,</span> 
     </span>
     <span class='ocr_line' id='line_1_14' title="bbox 121 1151 1852 1235; baseline -0.006 -15"><span class='ocrx_word' id='word_1_109' title='bbox 121 1165 259 1220; x_wconf 77' lang='lat' dir='ltr'>cum</span> <span class='ocrx_word' id='word_1_110' title='bbox 288 1160 412 1218; x_wconf 83' lang='lat' dir='ltr'>haec</span> <span class='ocrx_word' id='word_1_111' title='bbox 447 1155 694 1235; x_wconf 82' lang='lat' dir='ltr'>dignitas</span> <span class='ocrx_word' id='word_1_112' title='bbox 721 1153 785 1212; x_wconf 90' lang='lat' dir='ltr'>iis</span> <span class='ocrx_word' id='word_1_113' title='bbox 827 1152 1139 1221; x_wconf 84' lang='lat' dir='ltr'>tribuatur,</span> <span class='ocrx_word' id='word_1_114' title='bbox 1185 1151 1282 1230; x_wconf 92' lang='lat' dir='ltr'>qui</span> <span class='ocrx_word' id='word_1_115' title='bbox 1324 1169 1627 1227; x_wconf 73' lang='lat' dir='ltr'>majorem,</span> <span class='ocrx_word' id='word_1_116' title='bbox 1673 1151 1852 1230; x_wconf 55' lang='lat' dir='ltr'>quhm</span> 
     </span>
     <span class='ocr_line' id='line_1_15' title="bbox 116 1227 1854 1315; baseline -0.006 -14"><span class='ocrx_word' id='word_1_117' title='bbox 116 1243 344 1311; x_wconf 78' lang='lat' dir='ltr'>fratreS,</span> <span class='ocrx_word' id='word_1_118' title='bbox 379 1238 707 1313; x_wconf 77' lang='lat' dir='ltr'>mensuram</span> <span class='ocrx_word' id='word_1_119' title='bbox 737 1232 1068 1315; x_wconf 89' lang='lat' dir='ltr'>consequuti</span> <span class='ocrx_word' id='word_1_120' title='bbox 1093 1227 1238 1291; x_wconf 88' lang='lat' dir='ltr'>sunt.</span> <span class='ocrx_word' id='word_1_121' title='bbox 1322 1232 1554 1292; x_wconf 82' lang='lat' dir='ltr'>Natura</span> <span class='ocrx_word' id='word_1_122' title='bbox 1575 1229 1727 1289; x_wconf 89' lang='lat' dir='ltr'>enim</span> <span class='ocrx_word' id='word_1_123' title='bbox 1748 1253 1854 1291; x_wconf 83' lang='lat' dir='ltr'>nos</span> 
     </span>
     <span class='ocr_line' id='line_1_16' title="bbox 116 1312 1850 1399; baseline -0.006 -17"><span class='ocrx_word' id='word_1_124' title='bbox 116 1323 291 1381; x_wconf 87' lang='lat' dir='ltr'>docet</span> <span class='ocrx_word' id='word_1_125' title='bbox 322 1319 452 1399; x_wconf 85' lang='lat' dir='ltr'>plus</span> <span class='ocrx_word' id='word_1_126' title='bbox 492 1317 550 1378; x_wconf 90' lang='lat' dir='ltr'>in</span> <span class='ocrx_word' id='word_1_127' title='bbox 603 1316 864 1386; x_wconf 56' lang='lat' dir='ltr'>doctore,</span> <span class='ocrx_word' id='word_1_128' title='bbox 927 1315 1103 1395; x_wconf 61' lang='lat' dir='ltr'>quiim</span> <span class='ocrx_word' id='word_1_129' title='bbox 1155 1315 1210 1373; x_wconf 88' lang='lat' dir='ltr'>in</span> <span class='ocrx_word' id='word_1_130' title='bbox 1252 1312 1338 1383; x_wconf 87' lang='lat' dir='ltr'>iis,</span> <span class='ocrx_word' id='word_1_131' title='bbox 1410 1312 1508 1391; x_wconf 91' lang='lat' dir='ltr'>qui</span> <span class='ocrx_word' id='word_1_132' title='bbox 1547 1312 1850 1384; x_wconf 89' lang='lat' dir='ltr'>docentur,</span> 
     </span>
     <span class='ocr_line' id='line_1_17' title="bbox 119 1392 1855 1483; baseline -0.005 -21"><span class='ocrx_word' id='word_1_133' title='bbox 119 1401 354 1483; x_wconf 82' lang='lat' dir='ltr'>requiri,</span> <span class='ocrx_word' id='word_1_134' title='bbox 418 1400 480 1458; x_wconf 75' lang='grc' dir='ltr'>δε</span> <span class='ocrx_word' id='word_1_135' title='bbox 515 1398 673 1478; x_wconf 75' lang='lat' dir='ltr'>quod</span> <span class='ocrx_word' id='word_1_136' title='bbox 707 1412 978 1478; x_wconf 80' lang='lat' dir='ltr'>oporteat</span> <span class='ocrx_word' id='word_1_137' title='bbox 1016 1395 1357 1474; x_wconf 84' lang='lat' dir='ltr'>magistrum</span> <span class='ocrx_word' id='word_1_138' title='bbox 1398 1393 1566 1473; x_wconf 84' lang='lat' dir='ltr'>supra</span> <span class='ocrx_word' id='word_1_139' title='bbox 1606 1392 1855 1473; x_wconf 90' lang='lat' dir='ltr'>discipu-</span> 
     </span>
     <span class='ocr_line' id='line_1_18' title="bbox 120 1474 1852 1554; baseline -0.006 -10"><span class='ocrx_word' id='word_1_140' title='bbox 120 1485 246 1544; x_wconf 89' lang='lat' dir='ltr'>lum</span> <span class='ocrx_word' id='word_1_141' title='bbox 284 1481 393 1540; x_wconf 82' lang='lat' dir='ltr'>effe</span> <span class='ocrx_word' id='word_1_142' title='bbox 447 1481 506 1539; x_wconf 90' lang='lat' dir='ltr'>in</span> <span class='ocrx_word' id='word_1_143' title='bbox 541 1479 642 1538; x_wconf 61' lang='lat' dir='ltr'>illa</span> <span class='ocrx_word' id='word_1_144' title='bbox 685 1497 805 1539; x_wconf 85' lang='lat' dir='ltr'>arte</span> <span class='ocrx_word' id='word_1_145' title='bbox 849 1478 910 1536; x_wconf 75' lang='grc' dir='ltr'>ὅτ</span> <span class='ocrx_word' id='word_1_146' title='bbox 945 1475 1193 1546; x_wconf 72' lang='grc' dir='ltr'>Γεὶεηῑίἓι,</span> <span class='ocrx_word' id='word_1_147' title='bbox 1258 1494 1435 1554; x_wconf 86' lang='lat' dir='ltr'>quam</span> <span class='ocrx_word' id='word_1_148' title='bbox 1473 1474 1617 1534; x_wconf 86' lang='lat' dir='ltr'>alios</span> <span class='ocrx_word' id='word_1_149' title='bbox 1658 1474 1852 1535; x_wconf 86' lang='lat' dir='ltr'>docet:</span> 
     </span>
     <span class='ocr_line' id='line_1_19' title="bbox 119 1555 1854 1640; baseline -0.006 -15"><span class='ocrx_word' id='word_1_150' title='bbox 119 1567 275 1625; x_wconf 77' lang='lat' dir='ltr'>Cum</span> <span class='ocrx_word' id='word_1_151' title='bbox 303 1562 482 1640; x_wconf 82' lang='lat' dir='ltr'>igitur</span> <span class='ocrx_word' id='word_1_152' title='bbox 531 1560 957 1619; x_wconf 82' lang='lat' dir='ltr'>Christianitate</span> <span class='ocrx_word' id='word_1_153' title='bbox 999 1556 1132 1627; x_wconf 86' lang='lat' dir='ltr'>frui,</span> <span class='ocrx_word' id='word_1_154' title='bbox 1177 1576 1360 1637; x_wconf 90' lang='lat' dir='ltr'>neque</span> <span class='ocrx_word' id='word_1_155' title='bbox 1401 1555 1585 1634; x_wconf 82' lang='lat' dir='ltr'>quivis</span> <span class='ocrx_word' id='word_1_156' title='bbox 1615 1555 1854 1615; x_wconf 91' lang='lat' dir='ltr'>Christi-</span> 
     </span>
     <span class='ocr_line' id='line_1_20' title="bbox 120 1636 1852 1720; baseline -0.003 -16"><span class='ocrx_word' id='word_1_157' title='bbox 120 1665 261 1705; x_wconf 82' lang='lat' dir='ltr'>anus</span> <span class='ocrx_word' id='word_1_158' title='bbox 288 1642 397 1702; x_wconf 86' lang='lat' dir='ltr'>effe</span> <span class='ocrx_word' id='word_1_159' title='bbox 425 1643 602 1720; x_wconf 85' lang='lat' dir='ltr'>poffit</span> <span class='ocrx_word' id='word_1_160' title='bbox 630 1639 743 1700; x_wconf 89' lang='lat' dir='ltr'>fine</span> <span class='ocrx_word' id='word_1_161' title='bbox 778 1638 963 1719; x_wconf 58' lang='lat' dir='ltr'>gratia</span> <span class='ocrx_word' id='word_1_162' title='bbox 1004 1637 1139 1707; x_wconf 91' lang='lat' dir='ltr'>Dei,</span> <span class='ocrx_word' id='word_1_163' title='bbox 1183 1657 1328 1716; x_wconf 84' lang='lat' dir='ltr'>ergo</span> <span class='ocrx_word' id='word_1_164' title='bbox 1349 1656 1532 1716; x_wconf 89' lang='lat' dir='ltr'>neque</span> <span class='ocrx_word' id='word_1_165' title='bbox 1572 1636 1852 1717; x_wconf 82' lang='lat' dir='ltr'>quispiam</span> 
     </span>
     <span class='ocr_line' id='line_1_21' title="bbox 116 1717 1850 1802; baseline -0.003 -17"><span class='ocrx_word' id='word_1_166' title='bbox 116 1746 288 1784; x_wconf 88' lang='lat' dir='ltr'>verus</span> <span class='ocrx_word' id='word_1_167' title='bbox 328 1723 389 1780; x_wconf 70' lang='grc' dir='ltr'>δε</span> <span class='ocrx_word' id='word_1_168' title='bbox 425 1722 718 1802; x_wconf 82' lang='lat' dir='ltr'>legitimus</span> <span class='ocrx_word' id='word_1_169' title='bbox 747 1718 1184 1780; x_wconf 81' lang='lat' dir='ltr'>Christianitatis</span> <span class='ocrx_word' id='word_1_170' title='bbox 1220 1717 1425 1778; x_wconf 65' lang='lat' dir='ltr'>docstor</span> <span class='ocrx_word' id='word_1_171' title='bbox 1464 1718 1525 1777; x_wconf 87' lang='lat'>&amp;</span> <span class='ocrx_word' id='word_1_172' title='bbox 1570 1719 1850 1799; x_wconf 66' lang='lat' dir='ltr'>praedica·</span> 
     </span>
     <span class='ocr_line' id='line_1_22' title="bbox 119 1801 1285 1884; baseline -0.008 -17"><span class='ocrx_word' id='word_1_173' title='bbox 119 1824 218 1868; x_wconf 91' lang='lat' dir='ltr'>tor</span> <span class='ocrx_word' id='word_1_174' title='bbox 265 1804 476 1884; x_wconf 83' lang='lat' dir='ltr'>absque</span> <span class='ocrx_word' id='word_1_175' title='bbox 516 1803 614 1862; x_wconf 57' lang='lat' dir='ltr'>ina</span> <span class='ocrx_word' id='word_1_176' title='bbox 653 1802 763 1862; x_wconf 81' lang='lat' dir='ltr'>esse</span> <span class='ocrx_word' id='word_1_177' title='bbox 789 1801 994 1882; x_wconf 90' lang='lat' dir='ltr'>potest.</span> <span class='ocrx_word' id='word_1_178' title='bbox 1283 1844 1285 1846; x_wconf 59' lang='grc'><em>»</em></span> 
     </span>
    </p>

    <p class='ocr_par' dir='ltr' id='par_1_3' title="bbox 116 1879 1854 3346">
     <span class='ocr_line' id='line_1_23' title="bbox 202 1879 1852 1962; baseline -0.002 -15"><span class='ocrx_word' id='word_1_179' title='bbox 202 1889 520 1954; x_wconf 78' lang='lat' dir='ltr'>SECUNDO,</span> <span class='ocrx_word' id='word_1_180' title='bbox 564 1904 738 1943; x_wconf 92' lang='lat' dir='ltr'>nemo</span> <span class='ocrx_word' id='word_1_181' title='bbox 777 1882 966 1962; x_wconf 90' lang='lat' dir='ltr'>potest</span> <span class='ocrx_word' id='word_1_182' title='bbox 994 1882 1101 1941; x_wconf 83' lang='lat' dir='ltr'>effe</span> <span class='ocrx_word' id='word_1_183' title='bbox 1122 1880 1372 1940; x_wconf 87' lang='lat' dir='ltr'>minister</span> <span class='ocrx_word' id='word_1_184' title='bbox 1399 1879 1652 1942; x_wconf 83' lang='lat' dir='ltr'>ecelefiae</span> <span class='ocrx_word' id='word_1_185' title='bbox 1682 1882 1852 1943; x_wconf 87' lang='lat' dir='ltr'>Chri-</span> 
     </span>
     <span class='ocr_line' id='line_1_24' title="bbox 120 1962 1848 2046; baseline -0.002 -19"><span class='ocrx_word' id='word_1_186' title='bbox 120 1968 213 2039; x_wconf 87' lang='lat' dir='ltr'>sti,</span> <span class='ocrx_word' id='word_1_187' title='bbox 258 1987 388 2046; x_wconf 84' lang='lat' dir='ltr'>quae</span> <span class='ocrx_word' id='word_1_188' title='bbox 425 1983 634 2043; x_wconf 90' lang='lat' dir='ltr'>corpus</span> <span class='ocrx_word' id='word_1_189' title='bbox 652 1963 770 2041; x_wconf 88' lang='lat' dir='ltr'>ejus</span> <span class='ocrx_word' id='word_1_190' title='bbox 797 1963 898 2034; x_wconf 87' lang='lat' dir='ltr'>est,</span> <span class='ocrx_word' id='word_1_191' title='bbox 942 1962 1045 2022; x_wconf 87' lang='lat' dir='ltr'>nifi</span> <span class='ocrx_word' id='word_1_192' title='bbox 1083 1964 1415 2022; x_wconf 85' lang='lat' dir='ltr'>membrum</span> <span class='ocrx_word' id='word_1_193' title='bbox 1446 1963 1705 2043; x_wconf 88' lang='lat' dir='ltr'>corporis</span> <span class='ocrx_word' id='word_1_194' title='bbox 1734 1964 1848 2031; x_wconf 77' lang='lat' dir='ltr'>fit3</span> 
     </span>
     <span class='ocr_line' id='line_1_25' title="bbox 119 2043 1854 2126; baseline -0.002 -18"><span class='ocrx_word' id='word_1_195' title='bbox 119 2049 232 2108; x_wconf 91' lang='lat' dir='ltr'>Sed</span> <span class='ocrx_word' id='word_1_196' title='bbox 282 2046 381 2126; x_wconf 92' lang='lat' dir='ltr'>qui</span> <span class='ocrx_word' id='word_1_197' title='bbox 467 2045 606 2105; x_wconf 57' lang='lat' dir='ltr'>rati&amp;</span> <span class='ocrx_word' id='word_1_198' title='bbox 667 2043 779 2103; x_wconf 93' lang='lat' dir='ltr'>Dei</span> <span class='ocrx_word' id='word_1_199' title='bbox 824 2059 1001 2115; x_wconf 86' lang='lat' dir='ltr'>caret,</span> <span class='ocrx_word' id='word_1_200' title='bbox 1065 2064 1169 2104; x_wconf 91' lang='lat' dir='ltr'>nec</span> <span class='ocrx_word' id='word_1_201' title='bbox 1218 2043 1549 2103; x_wconf 87' lang='lat' dir='ltr'>membrum</span> <span class='ocrx_word' id='word_1_202' title='bbox 1592 2047 1854 2125; x_wconf 83' lang='lat' dir='ltr'>corporis</span> 
     </span>
     <span class='ocr_line' id='line_1_26' title="bbox 117 2066 1851 2208; baseline -0.001 -21"><span class='ocrx_word' id='word_1_203' title='bbox 117 2128 230 2189; x_wconf 79' lang='lat' dir='ltr'>effe</span> <span class='ocrx_word' id='word_1_204' title='bbox 275 2066 485 2208; x_wconf 43' lang='lat' dir='ltr'>potesz</span> <span class='ocrx_word' id='word_1_205' title='bbox 528 2146 634 2186; x_wconf 90' lang='lat' dir='ltr'>nec</span> <span class='ocrx_word' id='word_1_206' title='bbox 669 2125 701 2183; x_wconf 68' lang='grc' dir='ltr'>ὲ</span> <span class='ocrx_word' id='word_1_207' title='bbox 734 2125 919 2206; x_wconf 86' lang='lat' dir='ltr'>capite</span> <span class='ocrx_word' id='word_1_208' title='bbox 958 2125 1143 2184; x_wconf 84' lang='lat' dir='ltr'>vitam</span> <span class='ocrx_word' id='word_1_209' title='bbox 1185 2123 1248 2182; x_wconf 88' lang='lat'>&amp;</span> <span class='ocrx_word' id='word_1_210' title='bbox 1286 2123 1703 2184; x_wconf 86' lang='lat' dir='ltr'>nutrimentum</span> <span class='ocrx_word' id='word_1_211' title='bbox 1733 2142 1851 2187; x_wconf 83' lang='lat' dir='ltr'>tra-</span> 
     </span>
     <span class='ocr_line' id='line_1_27' title="bbox 120 2205 1852 2290; baseline -0.001 -21"><span class='ocrx_word' id='word_1_212' title='bbox 120 2210 254 2269; x_wconf 92' lang='lat' dir='ltr'>here</span> <span class='ocrx_word' id='word_1_213' title='bbox 285 2230 298 2267; x_wconf 92' lang='lat'>:</span> <span class='ocrx_word' id='word_1_214' title='bbox 345 2211 727 2290; x_wconf 81' lang='lat' dir='ltr'>Qapropter</span> <span class='ocrx_word' id='word_1_215' title='bbox 763 2206 955 2267; x_wconf 73' lang='lat' dir='ltr'>multo</span> <span class='ocrx_word' id='word_1_216' title='bbox 982 2206 1170 2266; x_wconf 75' lang='lat' dir='ltr'>minus</span> <span class='ocrx_word' id='word_1_217' title='bbox 1210 2205 1400 2286; x_wconf 90' lang='lat' dir='ltr'>potest</span> <span class='ocrx_word' id='word_1_218' title='bbox 1447 2206 1556 2265; x_wconf 86' lang='lat' dir='ltr'>effe</span> <span class='ocrx_word' id='word_1_219' title='bbox 1597 2205 1852 2268; x_wconf 87' lang='lat' dir='ltr'>minister</span> 
     </span>
     <span class='ocr_line' id='line_1_28' title="bbox 116 2287 1849 2372; baseline -0.002 -21"><span class='ocrx_word' id='word_1_220' title='bbox 116 2291 193 2351; x_wconf 86' lang='lat' dir='ltr'>ad</span> <span class='ocrx_word' id='word_1_221' title='bbox 219 2288 661 2351; x_wconf 85' lang='lat' dir='ltr'>aedificationem</span> <span class='ocrx_word' id='word_1_222' title='bbox 683 2289 958 2372; x_wconf 79' lang='lat' dir='ltr'>corporis,</span> <span class='ocrx_word' id='word_1_223' title='bbox 1044 2287 1225 2371; x_wconf 83' lang='lat' dir='ltr'>Qod</span> <span class='ocrx_word' id='word_1_224' title='bbox 1259 2308 1375 2347; x_wconf 91' lang='lat' dir='ltr'>non</span> <span class='ocrx_word' id='word_1_225' title='bbox 1404 2290 1578 2368; x_wconf 81' lang='lat' dir='ltr'>poflit</span> <span class='ocrx_word' id='word_1_226' title='bbox 1611 2290 1719 2348; x_wconf 81' lang='lat' dir='ltr'>effe</span> <span class='ocrx_word' id='word_1_227' title='bbox 1740 2289 1849 2348; x_wconf 84' lang='lat' dir='ltr'>mi-</span> 
     </span>
     <span class='ocr_line' id='line_1_29' title="bbox 119 2369 1849 2450; baseline -0.001 -20"><span class='ocrx_word' id='word_1_228' title='bbox 119 2371 312 2442; x_wconf 82' lang='lat' dir='ltr'>nister,</span> <span class='ocrx_word' id='word_1_229' title='bbox 357 2369 458 2450; x_wconf 92' lang='lat' dir='ltr'>qui</span> <span class='ocrx_word' id='word_1_230' title='bbox 485 2390 600 2429; x_wconf 91' lang='lat' dir='ltr'>non</span> <span class='ocrx_word' id='word_1_231' title='bbox 628 2369 711 2428; x_wconf 90' lang='lat' dir='ltr'>est</span> <span class='ocrx_word' id='word_1_232' title='bbox 738 2370 1091 2440; x_wconf 87' lang='lat' dir='ltr'>membrum,</span> <span class='ocrx_word' id='word_1_233' title='bbox 1137 2384 1400 2448; x_wconf 83' lang='lat' dir='ltr'>apparet,</span> <span class='ocrx_word' id='word_1_234' title='bbox 1447 2369 1720 2449; x_wconf 82' lang='lat' dir='ltr'>quoniam</span> <span class='ocrx_word' id='word_1_235' title='bbox 1748 2370 1849 2450; x_wconf 88' lang='lat' dir='ltr'>qui</span> 
     </span>
     <span class='ocr_line' id='line_1_30' title="bbox 120 2447 1849 2529; baseline -0.001 -18"><span class='ocrx_word' id='word_1_236' title='bbox 120 2453 451 2511; x_wconf 87' lang='lat' dir='ltr'>membrum</span> <span class='ocrx_word' id='word_1_237' title='bbox 479 2471 594 2511; x_wconf 92' lang='lat' dir='ltr'>non</span> <span class='ocrx_word' id='word_1_238' title='bbox 628 2451 731 2522; x_wconf 90' lang='lat' dir='ltr'>est,</span> <span class='ocrx_word' id='word_1_239' title='bbox 775 2450 1118 2521; x_wconf 83' lang='lat' dir='ltr'>excluditur,</span> <span class='ocrx_word' id='word_1_240' title='bbox 1164 2447 1468 2519; x_wconf 85' lang='lat' dir='ltr'>exciditur,</span> <span class='ocrx_word' id='word_1_241' title='bbox 1530 2470 1711 2529; x_wconf 88' lang='lat' dir='ltr'>neque</span> <span class='ocrx_word' id='word_1_242' title='bbox 1760 2451 1849 2509; x_wconf 87' lang='lat' dir='ltr'>ul-</span> 
     </span>
     <span class='ocr_line' id='line_1_31' title="bbox 120 2530 1849 2612; baseline -0.003 -17"><span class='ocrx_word' id='word_1_243' title='bbox 120 2533 246 2595; x_wconf 90' lang='lat' dir='ltr'>lum</span> <span class='ocrx_word' id='word_1_244' title='bbox 298 2533 494 2592; x_wconf 90' lang='lat' dir='ltr'>locum</span> <span class='ocrx_word' id='word_1_245' title='bbox 553 2532 727 2593; x_wconf 86' lang='lat' dir='ltr'>habet</span> <span class='ocrx_word' id='word_1_246' title='bbox 773 2531 832 2592; x_wconf 91' lang='lat' dir='ltr'>in</span> <span class='ocrx_word' id='word_1_247' title='bbox 882 2552 1151 2612; x_wconf 86' lang='lat' dir='ltr'>corpore,</span> <span class='ocrx_word' id='word_1_248' title='bbox 1223 2534 1360 2590; x_wconf 73' lang='lat' dir='ltr'>cum</span> <span class='ocrx_word' id='word_1_249' title='bbox 1415 2530 1652 2590; x_wconf 89' lang='lat' dir='ltr'>ministri</span> <span class='ocrx_word' id='word_1_250' title='bbox 1702 2531 1849 2590; x_wconf 83' lang='lat' dir='ltr'>inter</span> 
     </span>
     <span class='ocr_line' id='line_1_32' title="bbox 122 2611 1850 2694; baseline -0.002 -20"><span class='ocrx_word' id='word_1_251' title='bbox 122 2616 390 2674; x_wconf 86' lang='lat' dir='ltr'>membra</span> <span class='ocrx_word' id='word_1_252' title='bbox 438 2613 695 2692; x_wconf 88' lang='lat' dir='ltr'>corporis</span> <span class='ocrx_word' id='word_1_253' title='bbox 732 2612 1029 2694; x_wconf 84' lang='lat' dir='ltr'>praecipua</span> <span class='ocrx_word' id='word_1_254' title='bbox 1057 2627 1427 2671; x_wconf 88' lang='lat' dir='ltr'>numerentur</span> <span class='ocrx_word' id='word_1_255' title='bbox 1459 2636 1477 2677; x_wconf 88' lang='lat'>;</span> <span class='ocrx_word' id='word_1_256' title='bbox 1537 2611 1648 2670; x_wconf 90' lang='lat' dir='ltr'>Sed</span> <span class='ocrx_word' id='word_1_257' title='bbox 1675 2633 1850 2671; x_wconf 87' lang='lat' dir='ltr'>nemo</span> 
     </span>
     <span class='ocr_line' id='line_1_33' title="bbox 123 2691 1849 2774; baseline 0 -21"><span class='ocrx_word' id='word_1_258' title='bbox 123 2695 455 2754; x_wconf 86' lang='lat' dir='ltr'>membrum</span> <span class='ocrx_word' id='word_1_259' title='bbox 489 2695 595 2753; x_wconf 84' lang='lat' dir='ltr'>effe</span> <span class='ocrx_word' id='word_1_260' title='bbox 614 2695 827 2774; x_wconf 87' lang='lat' dir='ltr'>potest,</span> <span class='ocrx_word' id='word_1_261' title='bbox 872 2694 974 2752; x_wconf 85' lang='lat' dir='ltr'>nifi</span> <span class='ocrx_word' id='word_1_262' title='bbox 1015 2692 1220 2762; x_wconf 82' lang='lat' dir='ltr'>vitam,</span> <span class='ocrx_word' id='word_1_263' title='bbox 1266 2691 1543 2751; x_wconf 90' lang='lat' dir='ltr'>virtutem</span> <span class='ocrx_word' id='word_1_264' title='bbox 1580 2692 1640 2750; x_wconf 74' lang='grc' dir='ltr'>δε</span> <span class='ocrx_word' id='word_1_265' title='bbox 1669 2694 1849 2753; x_wconf 81' lang='lat' dir='ltr'>nutri-</span> 
     </span>
     <span class='ocr_line' id='line_1_34' title="bbox 122 2772 1848 2854; baseline 0.001 -21"><span class='ocrx_word' id='word_1_266' title='bbox 122 2789 386 2833; x_wconf 91' lang='lat' dir='ltr'>mentum</span> <span class='ocrx_word' id='word_1_267' title='bbox 424 2772 623 2852; x_wconf 84' lang='lat' dir='ltr'>capitis</span> <span class='ocrx_word' id='word_1_268' title='bbox 658 2774 936 2854; x_wconf 84' lang='lat' dir='ltr'>accipiat:</span> <span class='ocrx_word' id='word_1_269' title='bbox 981 2773 1077 2852; x_wconf 91' lang='lat' dir='ltr'>qui</span> <span class='ocrx_word' id='word_1_270' title='bbox 1117 2772 1268 2830; x_wconf 89' lang='lat' dir='ltr'>enim</span> <span class='ocrx_word' id='word_1_271' title='bbox 1291 2773 1402 2830; x_wconf 87' lang='lat' dir='ltr'>hoc</span> <span class='ocrx_word' id='word_1_272' title='bbox 1430 2773 1848 2835; x_wconf 88' lang='lat' dir='ltr'>nutrimentum</span> 
     </span>
     <span class='ocr_line' id='line_1_35' title="bbox 119 2853 1845 2933; baseline 0 -19"><span class='ocrx_word' id='word_1_273' title='bbox 119 2875 239 2914; x_wconf 82' lang='lat' dir='ltr'>non</span> <span class='ocrx_word' id='word_1_274' title='bbox 283 2853 585 2933; x_wconf 88' lang='lat' dir='ltr'>recipiunt,</span> <span class='ocrx_word' id='word_1_275' title='bbox 648 2853 749 2914; x_wconf 85' lang='lat' dir='ltr'>illa</span> <span class='ocrx_word' id='word_1_276' title='bbox 792 2855 1055 2913; x_wconf 84' lang='lat' dir='ltr'>membra</span> <span class='ocrx_word' id='word_1_277' title='bbox 1103 2853 1357 2913; x_wconf 87' lang='lat' dir='ltr'>arescunt</span> <span class='ocrx_word' id='word_1_278' title='bbox 1393 2855 1454 2912; x_wconf 86' lang='lat'>&amp;</span> <span class='ocrx_word' id='word_1_279' title='bbox 1495 2855 1845 2926; x_wconf 83' lang='lat' dir='ltr'>moriuntur,</span> 
     </span>
     <span class='ocr_line' id='line_1_36' title="bbox 121 2932 1849 3015; baseline 0.001 -21"><span class='ocrx_word' id='word_1_280' title='bbox 121 2936 183 2994; x_wconf 76' lang='grc' dir='ltr'>δε</span> <span class='ocrx_word' id='word_1_281' title='bbox 232 2951 368 2994; x_wconf 87' lang='lat' dir='ltr'>tunc</span> <span class='ocrx_word' id='word_1_282' title='bbox 425 2932 866 2993; x_wconf 85' lang='lat' dir='ltr'>exscinduntur:</span> <span class='ocrx_word' id='word_1_283' title='bbox 967 2933 1086 2991; x_wconf 78' lang='lat' dir='ltr'>uod</span> <span class='ocrx_word' id='word_1_284' title='bbox 1133 2949 1330 2993; x_wconf 88' lang='lat' dir='ltr'>autem</span> <span class='ocrx_word' id='word_1_285' title='bbox 1392 2936 1849 3015; x_wconf 89' lang='lat' dir='ltr'>unumquodque</span> 
     </span>
     <span class='ocr_line' id='line_1_37' title="bbox 123 2955 1843 3098; baseline 0.001 -23"><span class='ocrx_word' id='word_1_286' title='bbox 123 3017 459 3076; x_wconf 90' lang='lat' dir='ltr'>membrum</span> <span class='ocrx_word' id='word_1_287' title='bbox 514 3015 626 3074; x_wconf 88' lang='lat' dir='ltr'>hoc</span> <span class='ocrx_word' id='word_1_288' title='bbox 675 3014 856 3076; x_wconf 90' lang='lat' dir='ltr'>modo</span> <span class='ocrx_word' id='word_1_289' title='bbox 910 2955 1248 3073; x_wconf 52' lang='lat' dir='ltr'>aciimentum</span> <span class='ocrx_word' id='word_1_290' title='bbox 1305 3014 1336 3072; x_wconf 67' lang='grc' dir='ltr'>ἐι</span> <span class='ocrx_word' id='word_1_291' title='bbox 1390 3017 1573 3098; x_wconf 85' lang='lat' dir='ltr'>capite</span> <span class='ocrx_word' id='word_1_292' title='bbox 1629 3018 1843 3087; x_wconf 81' lang='lat' dir='ltr'>trahat,</span> 
     </span>
     <span class='ocr_line' id='line_1_38' title="bbox 122 3094 1846 3177; baseline 0.002 -23"><span class='ocrx_word' id='word_1_293' title='bbox 122 3096 324 3156; x_wconf 73' lang='lat' dir='ltr'>diserte</span> <span class='ocrx_word' id='word_1_294' title='bbox 384 3095 638 3155; x_wconf 82' lang='lat' dir='ltr'>affirmat</span> <span class='ocrx_word' id='word_1_295' title='bbox 690 3095 1010 3175; x_wconf 86' lang='lat' dir='ltr'>Apostolus</span> <span class='ocrx_word' id='word_1_296' title='bbox 1063 3095 1135 3154; x_wconf 82' lang='lat' dir='ltr'>ad</span> <span class='ocrx_word' id='word_1_297' title='bbox 1177 3094 1331 3175; x_wconf 85' lang='lat' dir='ltr'><strong>Eph.</strong></span> <span class='ocrx_word' id='word_1_298' title='bbox 1385 3096 1459 3154; x_wconf 88' lang='lat' dir='ltr'>iv.</span> <span class='ocrx_word' id='word_1_299' title='bbox 1512 3098 1601 3157; x_wconf 87' lang='lat'>16.</span> <span class='ocrx_word' id='word_1_300' title='bbox 1643 3119 1708 3157; x_wconf 85' lang='lat' dir='ltr'>ex</span> <span class='ocrx_word' id='word_1_301' title='bbox 1749 3119 1846 3177; x_wconf 80' lang='lat' dir='ltr'>quo</span> 
     </span>
     <span class='ocr_line' id='line_1_39' title="bbox 123 3177 1846 3260; baseline 0 -22"><span class='ocrx_word' id='word_1_302' title='bbox 123 3190 288 3238; x_wconf 85' lang='lat' dir='ltr'>totum</span> <span class='ocrx_word' id='word_1_303' title='bbox 307 3192 491 3254; x_wconf 83' lang='lat' dir='ltr'>corpus</span> <span class='ocrx_word' id='word_1_304' title='bbox 519 3184 858 3255; x_wconf 58' lang='lat' dir='ltr'>c&#39;o&#39;mpafium</span> <span class='ocrx_word' id='word_1_305' title='bbox 906 3177 973 3237; x_wconf 54' lang='grc' dir='ltr'>ὅ</span> <span class='ocrx_word' id='word_1_306' title='bbox 1002 3198 1281 3237; x_wconf 85' lang='lat' dir='ltr'>connexum</span> <span class='ocrx_word' id='word_1_307' title='bbox 1290 3194 1393 3255; x_wconf 82' lang='lat' dir='ltr'>per</span> <span class='ocrx_word' id='word_1_308' title='bbox 1419 3199 1613 3238; x_wconf 83' lang='lat' dir='ltr'>omnem</span> <span class='ocrx_word' id='word_1_309' title='bbox 1623 3181 1846 3260; x_wconf 58' lang='lat' dir='ltr'>junda-</span> 
     </span>
     <span class='ocr_line' id='line_1_40' title="bbox 125 3258 1847 3346; baseline 0.002 -28"><span class='ocrx_word' id='word_1_310' title='bbox 125 3278 248 3325; x_wconf 76' lang='lat' dir='ltr'>ram</span> <span class='ocrx_word' id='word_1_311' title='bbox 280 3258 798 3345; x_wconf 62' lang='lat' dir='ltr'>ficbmimstrationis,</span> <span class='ocrx_word' id='word_1_312' title='bbox 843 3258 1125 3336; x_wconf 68' lang='lat' dir='ltr'>secundum</span> <span class='ocrx_word' id='word_1_313' title='bbox 1164 3262 1507 3346; x_wconf 76' lang='lat' dir='ltr'>operationem</span> <span class='ocrx_word' id='word_1_314' title='bbox 1551 3260 1606 3322; x_wconf 86' lang='lat' dir='ltr'>in</span> <span class='ocrx_word' id='word_1_315' title='bbox 1649 3261 1847 3338; x_wconf 79' lang='lat' dir='ltr'>mensu-</span> 
     </span>
    </p>

    <p class='ocr_par' dir='ltr' id='par_1_4' title="bbox 1724 3361 1847 3402">
     <span class='ocr_line' id='line_1_41' title="bbox 1724 3361 1847 3402; baseline -0.008 0"><span class='ocrx_word' id='word_1_316' title='bbox 1724 3361 1847 3402; x_wconf 78' lang='lat' dir='ltr'>ram</span> 
     </span>
    </p>
   </div>
  </div>
 </body>
</html>
