2086 3640
247 81 338 142 De
364 78 634 143 Commun.
666 78 737 144 Εἴ
778 80 990 142 partit.
1021 95 1160 160 corp.
1201 77 1271 143 δ’
1291 83 1446 165 stzng.
1492 84 1710 164 Christi.
1785 108 1908 173 407

146 211 248 252 non
261 188 511 269 progreff
550 189 686 266 estis,
715 188 817 268 sed
832 189 908 249 ad
926 188 1000 260 id,
1046 187 1185 269 quod
1213 191 1385 249 minus
1426 189 1517 266 est,
1565 191 1899 275 descendistis.

150 274 292 353 Qo
322 270 550 331 abunde
577 270 991 352 patet,tristem
1020 268 1179 329 fuiffe
1209 269 1594 351 Apostolum,
1621 275 1779 352 quod
1810 295 1898 341 ta.

150 351 217 411 lis
247 351 421 412 fuerit
441 372 646 411 eorum
664 350 942 422 conditiO,
990 367 1057 411 ut
1089 352 1303 413 neceffe
1332 353 1599 413 habuerit
1620 352 1899 421 instruere

147 455 244 493 eos
273 435 336 494 de
370 436 599 494 externis
619 432 748 505 illis,
794 434 1002 512 quibus
1025 433 1371 494 adhaerendo
1392 434 1897 512 demonstrabant,

146 515 305 594 quod
340 536 459 588 non
504 517 785 596 progreffi
826 514 1001 586 effent
1038 518 1094 573 in
1123 517 1297 576 vitam
1320 516 1766 594 Christianitatis,
1798 520 1896 581 sed

146 597 342 675 potius
392 596 798 656 descendiffent
843 598 900 655 in
935 594 1207 676 elementa.
1293 596 1572 679 Ideoque,
1624 601 1744 660 ver.
1797 621 1893 663 20.

146 678 347 737 eadem
384 677 570 737 verfio
611 676 847 758 Syriaca
896 676 972 737 fic
1013 677 1209 748 habet,
1255 700 1414 758 quum
1472 683 1636 760 igitur
1683 703 1893 764 congre-

141 762 365 839 gamini,
412 781 535 831 n0n‚
581 760 722 837 ficut
753 759 956 840 justum
1000 760 1072 837 cst
1107 761 1162 818 in
1204 758 1287 819 die
1321 759 1546 821 Domini
1578 764 1763 839 nostri,
1809 787 1893 825 co·

147 840 349 900 meditis
365 842 448 907 Β
478 843 651 902 bibitis
677 863 697 899 .·
757 839 893 899 Inde
933 839 996 899 iis
1025 839 1441 913 demonstranS,
1489 844 1650 922 quod
1679 865 1896 906 conve·

145 921 268 980 nire
297 922 370 981 ad
400 921 825 982 comedendum
865 925 928 983 δε
956 921 1275 982 bibendum
1303 938 1577 985 externum
1593 941 1794 1003 panem
1823 929 1897 995 ἐρ’
1937 1001 1940 1003 ,

137 1007 354 1075 vinum,
380 1005 618 1064 minime
646 1019 770 1063 erat
788 1002 900 1063 diei
929 1001 1080 1064 illius
1102 1002 1345 1065 Domini
1374 1006 1544 1065 labor
1571 1023 1674 1067 aut
1701 1028 1846 1088 opus
1870 1034 1890 1074 ;

142 1084 257 1156 sed,
291 1088 442 1148 ‚cum
492 1083 796 1146 adversarii
839 1084 987 1145 adeo
1010 1103 1133 1165 ⁴pro
1179 1085 1282 1161 bac
1323 1088 1616 1153 ceremonia*
1659 1104 1895 1149 conten-

142 1165 287 1226 dunt
314 1169 390 1227 ab
419 1167 517 1226 usu
551 1166 802 1227 ecclefiae
850 1166 1243 1227 Corinthiacae
1279 1166 1444 1243 (licet
1479 1167 1659 1248 quam
1703 1170 1897 1248 pueri-

142 1246 272 1306 liter
312 1247 580 1308 hactenus
623 1247 911 1307 ostensum
954 1245 1048 1328 fit)
1075 1248 1376 1328 quomodo
1422 1248 1532 1309 alia
1571 1268 1895 1332 praecepta,

141 1327 317 1408 longe
354 1329 540 1409 magis
594 1328 858 1408 pofitiva,
927 1330 1240 1400 transeunt,
1303 1328 1462 1411 quafi
1505 1330 1717 1391 nullius
1765 1353 1897 1393 mo-

141 1410 580 1471 me‘ntixffem.?
627 1426 694 1471 ut
730 1410 946 1492 primo,
994 1411 1134 1472 Aa.
1182 1431 1279 1471 xv.
1329 1431 1423 1490 29.
1475 1413 1576 1473 ubi
1615 1414 1895 1493 Apostoli

139 1490 343 1551 diserte
391 1490 741 1572 praecipiunt
781 1492 904 1553 imo
944 1494 1279 1574 gentilibuS,
1335 1492 1480 1554 ficut
1511 1494 1590 1565 id,
1636 1494 1798 1574 quod
1831 1496 1898 1555 &

138 1572 386 1651 Spiritus
414 1574 589 1634 sancti
615 1574 796 1634 sensus
828 1573 960 1645 fuit,
1006 1588 1065 1634 ut
1094 1574 1412 1652 abstinerent
1440 1577 1476 1635 a
1506 1577 1893 1657 strangulatis,

141 1655 212 1715 ἐξ
255 1656 292 1713 ἀ
316 1657 592 1736 sanguine.
639 1654 723 1716 Et
743 1657 957 1735 Jacob.
996 1675 1053 1715 v.
1103 1678 1193 1731 14.
1226 1657 1327 1718 ubi
1356 1656 1564 1716 diserte
1599 1658 1778 1718 etiam
1796 1657 1895 1736 ju-

141 1737 335 1806 betur,
382 1752 439 1798 ut
477 1748 792 1819 (egrotantes
827 1736 934 1797 oleo
977 1751 1300 1819 ungerentur
1328 1741 1383 1799 in
1411 1742 1619 1798 nomine
1650 1739 1892 1802 Domini.

139 1817 200 1876 Si
228 1817 485 1891 dixerint,
534 1820 659 1879 haec
699 1817 890 1879 solum
919 1834 1294 1899 temporanea
1317 1818 1496 1891 fuiffe,
1543 1821 1602 1878 &
1626 1841 1743 1880 non
1759 1843 1899 1903 per-

139 1900 321 1979 petuo
361 1899 795 1961 continuanda:
842 1900 1160 1978 Refi>onde0‚
1208 1900 1352 1980 quid
1379 1902 1628 1983 amplius
1652 1903 1890 1976 habent,

139 1981 298 2060 quod
319 2003 428 2061 pro
459 1981 888 2043 continuatione
920 1980 1072 2043 illius
1100 1981 1426 2054 ostendant,
1472 2003 1584 2063 pro
1607 2003 1726 2064 quo
1756 2004 1894 2044 con-

139 2062 420 2123 tendunt?
470 2065 634 2126 Nam
656 2063 784 2123 haec
824 2083 945 2123 non
986 2062 1244 2142 expresse
1274 2081 1636 2125 revocantur.
1721 2066 1781 2125 Si
1809 2066 1893 2126 di-

136 2156 279 2214 cant,
330 2144 763 2205 revocationem
799 2142 1088 2216 insinuari,
1134 2143 1233 2206 ubi
1257 2144 1584 2224 Apostolus
1623 2147 1725 2220 ait,
1758 2148 1900 2229 quod

137 2227 194 2285 in
227 2228 352 2289 cibis
392 2227 462 2288 δέ
480 2227 693 2306 potibus
723 2226 967 2308 judicari
997 2247 1099 2287 non
1128 2226 1402 2289 debeamus
1427 2253 1445 2295 3
1491 2228 1637 2287 hanc
1680 2232 1890 2307 respon-

120 2309 322 2386 fionem
352 2308 603 2369 admitto
636 2333 655 2375 3
712 2308 807 2370 sed
835 2307 1140 2387 quomodo
1181 2308 1451 2380 evitatur,
1497 2310 1656 2391 quod
1684 2311 1891 2373 eodem

138 2389 320 2448 modo
368 2409 487 2448 non
535 2389 751 2449 militet
777 2404 980 2450 contra
1018 2389 1192 2450 aliam
1237 2389 1402 2450 illam
1449 2395 1889 2452 ceremoniam?

140 2469 315 2530 Certe
362 2470 532 2529 nullo
560 2469 742 2530 modo
776 2495 794 2538 3
839 2490 1044 2550 neque,
1081 2484 1288 2549 prater
1323 2494 1515 2531 morem
1544 2475 1613 2535 δέ
1642 2474 1889 2535 traditio·

136 2573 274 2623 nem,
321 2551 462 2630 quid
510 2571 622 2631 pro
666 2551 760 2611 illa
799 2552 987 2632 magis
1034 2553 1214 2631 quam
1254 2572 1364 2633 pro
1414 2554 1498 2613 his
1537 2555 1732 2635 urgeri
1781 2576 1893 2636 po-.

135 2634 260 2694 test.
347 2632 532 2716 Qod
571 2631 646 2693 ad
699 2633 846 2694 illud
901 2633 1133 2712 Jacobi,
1179 2633 1381 2694 dicunt
1429 2637 1750 2698 miraculum
1806 2638 1886 2697 se-

135 2731 386 2794 quutum
414 2715 546 2786 esse,
579 2715 696 2775 scil.
738 2729 1052 2796 cegrotorum
1080 2716 1386 2795 stznitatem.
1473 2715 1587 2776 Sed
1610 2720 1747 2778 εὐτυ
1770 2719 1885 2780 hoc

137 2796 328 2868 ceffet,
371 2795 448 2856 fic
527 2802 719 2877 uoque
745 2797 918 2859 debet
956 2798 1055 2857 illa
1078 2797 1403 2857 ceremonia
1424 2798 1647 2859 ceffare.
1714 2800 1888 2862 Licet
1972 2855 1990 2866 ,,

138 2876 215 2936 ad
257 2877 368 2958 hoc
406 2899 506 2938 mu
535 2877 786 2939 tifariam
834 2877 1164 2958 responderi
1204 2881 1398 2959 poffit,
1423 2878 1544 2956 scil.
1589 2881 1751 2961 quod
1791 2883 1884 2943 hoc

139 2958 286 3018 modo
321 2961 482 3020 etiam
517 2963 688 3021 oratio
724 2959 1000 3040 deserenda
1029 2972 1170 3032 erat,
1238 2962 1330 3020 cui
1377 2961 1552 3022 etiam
1596 2963 1692 3023 hic
1739 2962 1884 3024 salus

138 3041 351 3120 aegroti
371 3041 696 3112 ascribitur,
730 3040 1154 3122 responsionem
1182 3055 1376 3103 tamen
1399 3043 1704 3124 accipiam,
1748 3049 1884 3124 quia

137 3143 338 3183 revera
359 3123 534 3184 credo
555 3122 776 3201 cess'affe
796 3123 953 3186 illam
974 3125 1314 3184 ceremoniam
1347 3149 1366 3192 3
1410 3123 1600 3186 solum
1629 3122 1877 3199 videtur,

138 3205 301 3284 quod
338 3205 665 3279 adversarii,
710 3225 848 3267 cum
868 3203 1109 3267 sentiant
1137 3205 1344 3266 ceffare
1385 3205 1596 3269 debere
1623 3224 1882 3271 ceremo-

139 3307 296 3350 mam
325 3286 542 3368 ceffimte
574 3293 776 3351 virtute
803 3290 931 3372 ejus,
991 3286 1195 3429 egdccelm
1224 3288 1427 3371 regula
1457 3288 1758 3433 abstinere}2
1785 3289 1886 3348 de-

1000 3433 1005 3440 ,
1186 3389 1229 3443 4
1402 3412 1404 3414 ψ
1763 3385 1894 3433 eant
