<?xml version="1.0" encoding="UTF-8"?>
<!DOCTYPE html PUBLIC "-//W3C//DTD XHTML 1.0 Transitional//EN"
    "http://www.w3.org/TR/xhtml1/DTD/xhtml1-transitional.dtd">
<html xmlns="http://www.w3.org/1999/xhtml" xml:lang="en" lang="en">
 <head>
  <title>
</title>
<meta http-equiv="Content-Type" content="text/html;charset=utf-8" />
  <meta name='ocr-system' content='tesseract 3.04.00' />
  <meta name='ocr-capabilities' content='ocr_page ocr_carea ocr_par ocr_line ocrx_word'/>
</head>
<body>
  <div class='ocr_page' id='page_1' title='image "./theologiaeverech00barcuoft_0453.png"; bbox 0 0 2086 3640; ppageno 0'>
   <div class='ocr_carea' id='block_1_1' title="bbox 212 109 1868 194">
    <p class='ocr_par' dir='ltr' id='par_1_1' title="bbox 212 109 1868 194">
     <span class='ocr_line' id='line_1_1' title="bbox 212 109 1868 194; baseline -0.004 -16"><span class='ocrx_word' id='word_1_1' title='bbox 212 117 303 178; x_wconf 87' lang='lat' dir='ltr'>De</span> <span class='ocrx_word' id='word_1_2' title='bbox 323 113 517 191; x_wconf 79' lang='lat' dir='ltr'>Potest.</span> <span class='ocrx_word' id='word_1_3' title='bbox 541 111 769 194; x_wconf 73' lang='lat' dir='ltr'>Magist.</span> <span class='ocrx_word' id='word_1_4' title='bbox 799 111 951 175; x_wconf 79' lang='lat' dir='ltr'>civil.</span> <span class='ocrx_word' id='word_1_5' title='bbox 978 115 1031 173; x_wconf 84' lang='lat' dir='ltr'>in</span> <span class='ocrx_word' id='word_1_6' title='bbox 1053 113 1206 172; x_wconf 81' lang='lat' dir='ltr'>rebus</span> <span class='ocrx_word' id='word_1_7' title='bbox 1225 110 1366 189; x_wconf 61' lang='lat' dir='ltr'>pur&amp;</span> <span class='ocrx_word' id='word_1_8' title='bbox 1387 109 1539 194; x_wconf 80' lang='lat' dir='ltr'><em>relig.</em></span> <span class='ocrx_word' id='word_1_9' title='bbox 1572 110 1685 169; x_wconf 66' lang='grc' dir='ltr'>ὅτε.</span> <span class='ocrx_word' id='word_1_10' title='bbox 1745 129 1868 187; x_wconf 83' lang='lat'>425</span> 
     </span>
    </p>
   </div>
   <div class='ocr_carea' id='block_1_2' title="bbox 136 212 1920 3383">
    <p class='ocr_par' dir='ltr' id='par_1_2' title="bbox 136 212 1920 3383">
     <span class='ocr_line' id='line_1_2' title="bbox 136 212 1878 299; baseline -0.005 -18"><span class='ocrx_word' id='word_1_11' title='bbox 136 223 362 281; x_wconf 88' lang='lat' dir='ltr'>ritatem</span> <span class='ocrx_word' id='word_1_12' title='bbox 408 218 731 299; x_wconf 82' lang='lat' dir='ltr'>legitimam</span> <span class='ocrx_word' id='word_1_13' title='bbox 778 217 967 280; x_wconf 73' lang='lat' dir='ltr'>solum</span> <span class='ocrx_word' id='word_1_14' title='bbox 1025 230 1331 277; x_wconf 83' lang='lat' dir='ltr'>exerceant</span> <span class='ocrx_word' id='word_1_15' title='bbox 1378 212 1685 275; x_wconf 89' lang='lat' dir='ltr'>secundum</span> <span class='ocrx_word' id='word_1_16' title='bbox 1734 234 1878 272; x_wconf 85' lang='lat' dir='ltr'>con-</span> 
     </span>
     <span class='ocr_line' id='line_1_3' title="bbox 138 293 1880 381; baseline -0.006 -21"><span class='ocrx_word' id='word_1_17' title='bbox 138 302 427 362; x_wconf 76' lang='lat' dir='ltr'>scientiam</span> <span class='ocrx_word' id='word_1_18' title='bbox 474 297 977 381; x_wconf 85' lang='lat' dir='ltr'>&amp;persuafionem</span> <span class='ocrx_word' id='word_1_19' title='bbox 998 298 1177 368; x_wconf 89' lang='lat' dir='ltr'>suam,</span> <span class='ocrx_word' id='word_1_20' title='bbox 1223 316 1407 375; x_wconf 90' lang='lat' dir='ltr'>neque</span> <span class='ocrx_word' id='word_1_21' title='bbox 1445 293 1665 373; x_wconf 91' lang='lat' dir='ltr'>aliquid</span> <span class='ocrx_word' id='word_1_22' title='bbox 1693 294 1880 372; x_wconf 85' lang='lat' dir='ltr'>magis</span> 
     </span>
     <span class='ocr_line' id='line_1_4' title="bbox 141 373 1881 463; baseline -0.006 -20"><span class='ocrx_word' id='word_1_23' title='bbox 141 399 335 463; x_wconf 83' lang='lat' dir='ltr'>agant,</span> <span class='ocrx_word' id='word_1_24' title='bbox 379 381 555 462; x_wconf 67' lang='lat' dir='ltr'>quam</span> <span class='ocrx_word' id='word_1_25' title='bbox 599 379 702 461; x_wconf 86' lang='lat' dir='ltr'>ipfi</span> <span class='ocrx_word' id='word_1_26' title='bbox 738 380 1018 460; x_wconf 87' lang='lat' dir='ltr'>patientes</span> <span class='ocrx_word' id='word_1_27' title='bbox 1056 378 1442 458; x_wconf 90' lang='lat' dir='ltr'>profiteantur</span> <span class='ocrx_word' id='word_1_28' title='bbox 1492 375 1545 434; x_wconf 87' lang='lat' dir='ltr'>se</span> <span class='ocrx_word' id='word_1_29' title='bbox 1594 374 1657 433; x_wconf 87' lang='lat' dir='ltr'>iis</span> <span class='ocrx_word' id='word_1_30' title='bbox 1696 373 1881 434; x_wconf 57' lang='lat' dir='ltr'>fafitu-</span> 
     </span>
     <span class='ocr_line' id='line_1_5' title="bbox 145 457 1882 539; baseline -0.005 -18"><span class='ocrx_word' id='word_1_31' title='bbox 145 484 259 535; x_wconf 79' lang='lat' dir='ltr'>roS,</span> <span class='ocrx_word' id='word_1_32' title='bbox 305 463 348 522; x_wconf 88' lang='lat' dir='ltr'>fi</span> <span class='ocrx_word' id='word_1_33' title='bbox 391 463 450 523; x_wconf 93' lang='lat' dir='ltr'>in</span> <span class='ocrx_word' id='word_1_34' title='bbox 488 461 688 521; x_wconf 73' lang='lat' dir='ltr'>eadem</span> <span class='ocrx_word' id='word_1_35' title='bbox 731 460 1047 539; x_wconf 84' lang='lat' dir='ltr'>capacitate</span> <span class='ocrx_word' id='word_1_36' title='bbox 1089 461 1267 518; x_wconf 81' lang='lat' dir='ltr'>essent</span> <span class='ocrx_word' id='word_1_37' title='bbox 1300 484 1317 525; x_wconf 74' lang='lat'>3</span> <span class='ocrx_word' id='word_1_38' title='bbox 1363 479 1482 538; x_wconf 89' lang='lat' dir='ltr'>quo</span> <span class='ocrx_word' id='word_1_39' title='bbox 1527 457 1702 516; x_wconf 89' lang='lat' dir='ltr'>etiam</span> <span class='ocrx_word' id='word_1_40' title='bbox 1752 475 1882 513; x_wconf 89' lang='lat' dir='ltr'>om-</span> 
     </span>
     <span class='ocr_line' id='line_1_6' title="bbox 145 535 1882 617; baseline -0.006 -13"><span class='ocrx_word' id='word_1_41' title='bbox 145 546 230 604; x_wconf 90' lang='lat' dir='ltr'>nis</span> <span class='ocrx_word' id='word_1_42' title='bbox 284 540 790 604; x_wconf 87' lang='lat' dir='ltr'>commiserationis</span> <span class='ocrx_word' id='word_1_43' title='bbox 849 540 1011 600; x_wconf 89' lang='lat' dir='ltr'>causa</span> <span class='ocrx_word' id='word_1_44' title='bbox 1057 555 1394 599; x_wconf 90' lang='lat' dir='ltr'>removetur</span> <span class='ocrx_word' id='word_1_45' title='bbox 1446 538 1476 596; x_wconf 66' lang='lat' dir='ltr'>a</span> <span class='ocrx_word' id='word_1_46' title='bbox 1514 535 1882 617; x_wconf 78' lang='lat' dir='ltr'>patientibuS,</span> 
     </span>
     <span class='ocr_line' id='line_1_7' title="bbox 147 607 1885 705; baseline -0.007 -19"><span class='ocrx_word' id='word_1_47' title='bbox 147 628 256 705; x_wconf 67' lang='lat' dir='ltr'>qua</span> <span class='ocrx_word' id='word_1_48' title='bbox 300 625 444 686; x_wconf 89' lang='lat' dir='ltr'>olim</span> <span class='ocrx_word' id='word_1_49' title='bbox 488 622 818 684; x_wconf 89' lang='lat' dir='ltr'>Christianis</span> <span class='ocrx_word' id='word_1_50' title='bbox 865 622 1021 681; x_wconf 80' lang='lat' dir='ltr'>fama</span> <span class='ocrx_word' id='word_1_51' title='bbox 1060 621 1122 679; x_wconf 75' lang='grc' dir='ltr'>δε</span> <span class='ocrx_word' id='word_1_52' title='bbox 1159 621 1313 680; x_wconf 90' lang='lat' dir='ltr'>bona</span> <span class='ocrx_word' id='word_1_53' title='bbox 1339 620 1605 679; x_wconf 89' lang='lat' dir='ltr'>voluntas</span> <span class='ocrx_word' id='word_1_54' title='bbox 1651 607 1885 678; x_wconf 91' lang='lat' dir='ltr'>concili—</span> 
     </span>
     <span class='ocr_line' id='line_1_8' title="bbox 149 697 1886 786; baseline -0.006 -20"><span class='ocrx_word' id='word_1_55' title='bbox 149 708 380 778; x_wconf 86' lang='lat' dir='ltr'>abatur,</span> <span class='ocrx_word' id='word_1_56' title='bbox 450 705 611 786; x_wconf 92' lang='lat' dir='ltr'>quod</span> <span class='ocrx_word' id='word_1_57' title='bbox 673 703 886 763; x_wconf 88' lang='lat' dir='ltr'>scilicet</span> <span class='ocrx_word' id='word_1_58' title='bbox 930 702 1258 762; x_wconf 90' lang='lat' dir='ltr'>innocentes</span> <span class='ocrx_word' id='word_1_59' title='bbox 1319 701 1710 781; x_wconf 87' lang='lat' dir='ltr'>patiebantur,</span> <span class='ocrx_word' id='word_1_60' title='bbox 1783 697 1886 777; x_wconf 90' lang='lat' dir='ltr'>qui</span> 
     </span>
     <span class='ocr_line' id='line_1_9' title="bbox 149 779 1891 866; baseline -0.005 -20"><span class='ocrx_word' id='word_1_61' title='bbox 149 808 332 865; x_wconf 91' lang='lat' dir='ltr'>neque</span> <span class='ocrx_word' id='word_1_62' title='bbox 395 806 650 866; x_wconf 90' lang='lat' dir='ltr'>unquam</span> <span class='ocrx_word' id='word_1_63' title='bbox 703 785 835 844; x_wconf 88' lang='lat' dir='ltr'>ullis</span> <span class='ocrx_word' id='word_1_64' title='bbox 891 798 1225 853; x_wconf 84' lang='lat' dir='ltr'>nocuerant,</span> <span class='ocrx_word' id='word_1_65' title='bbox 1292 802 1475 861; x_wconf 89' lang='lat' dir='ltr'>neque</span> <span class='ocrx_word' id='word_1_66' title='bbox 1533 779 1891 853; x_wconf 67' lang='lat' dir='ltr'>conscientiae</span> 
     </span>
     <span class='ocr_line' id='line_1_10' title="bbox 148 859 1888 947; baseline -0.005 -21"><span class='ocrx_word' id='word_1_67' title='bbox 148 868 312 927; x_wconf 74' lang='lat' dir='ltr'>causa</span> <span class='ocrx_word' id='word_1_68' title='bbox 352 888 560 927; x_wconf 89' lang='lat' dir='ltr'>nocere</span> <span class='ocrx_word' id='word_1_69' title='bbox 618 865 936 947; x_wconf 85' lang='lat' dir='ltr'>poterant?</span> <span class='ocrx_word' id='word_1_70' title='bbox 1012 865 1156 926; x_wconf 93' lang='lat' dir='ltr'>Non</span> <span class='ocrx_word' id='word_1_71' title='bbox 1198 863 1355 923; x_wconf 89' lang='lat' dir='ltr'>enim</span> <span class='ocrx_word' id='word_1_72' title='bbox 1393 864 1474 922; x_wconf 89' lang='lat' dir='ltr'>est</span> <span class='ocrx_word' id='word_1_73' title='bbox 1525 863 1687 922; x_wconf 88' lang='lat' dir='ltr'>causa</span> <span class='ocrx_word' id='word_1_74' title='bbox 1735 859 1888 919; x_wconf 88' lang='lat' dir='ltr'>illius</span> 
     </span>
     <span class='ocr_line' id='line_1_11' title="bbox 152 941 1901 1025; baseline -0.004 -18"><span class='ocrx_word' id='word_1_75' title='bbox 152 948 661 1018; x_wconf 85' lang='lat' dir='ltr'>commiserescere,</span> <span class='ocrx_word' id='word_1_76' title='bbox 706 947 798 1006; x_wconf 90' lang='lat' dir='ltr'>cui</span> <span class='ocrx_word' id='word_1_77' title='bbox 846 946 1038 1006; x_wconf 74' lang='lat' dir='ltr'>solum</span> <span class='ocrx_word' id='word_1_78' title='bbox 1068 947 1140 1006; x_wconf 90' lang='lat' dir='ltr'>fit</span> <span class='ocrx_word' id='word_1_79' title='bbox 1175 944 1340 1017; x_wconf 91' lang='lat' dir='ltr'>illud,</span> <span class='ocrx_word' id='word_1_80' title='bbox 1405 945 1566 1025; x_wconf 90' lang='lat' dir='ltr'>quod</span> <span class='ocrx_word' id='word_1_81' title='bbox 1605 943 1719 1024; x_wconf 90' lang='lat' dir='ltr'>ipse</span> <span class='ocrx_word' id='word_1_82' title='bbox 1767 941 1901 1021; x_wconf 76' lang='lat' dir='ltr'>aliis¹</span> 
     </span>
     <span class='ocr_line' id='line_1_12' title="bbox 151 1025 1893 1110; baseline -0.005 -21"><span class='ocrx_word' id='word_1_83' title='bbox 151 1046 384 1110; x_wconf 88' lang='lat' dir='ltr'>paratus</span> <span class='ocrx_word' id='word_1_84' title='bbox 426 1029 508 1089; x_wconf 90' lang='lat' dir='ltr'>est</span> <span class='ocrx_word' id='word_1_85' title='bbox 537 1029 744 1101; x_wconf 61' lang='lat' dir='ltr'>tacere,</span> <span class='ocrx_word' id='word_1_86' title='bbox 791 1027 831 1086; x_wconf 87' lang='lat' dir='ltr'>fi</span> <span class='ocrx_word' id='word_1_87' title='bbox 875 1029 1076 1107; x_wconf 72' lang='lat' dir='ltr'>posset.</span> <span class='ocrx_word' id='word_1_88' title='bbox 1162 1027 1286 1110; x_wconf 81' lang='lat' dir='ltr'>Qi</span> <span class='ocrx_word' id='word_1_89' title='bbox 1327 1027 1480 1086; x_wconf 85' lang='lat' dir='ltr'>enim</span> <span class='ocrx_word' id='word_1_90' title='bbox 1528 1025 1727 1084; x_wconf 89' lang='lat' dir='ltr'>dicunt</span> <span class='ocrx_word' id='word_1_91' title='bbox 1773 1042 1893 1083; x_wconf 89' lang='lat' dir='ltr'>non</span> 
     </span>
     <span class='ocr_line' id='line_1_13' title="bbox 153 1105 1893 1186; baseline -0.005 -16"><span class='ocrx_word' id='word_1_92' title='bbox 153 1111 393 1170; x_wconf 87' lang='lat' dir='ltr'>eandem</span> <span class='ocrx_word' id='word_1_93' title='bbox 423 1131 519 1169; x_wconf 88' lang='lat' dir='ltr'>eos</span> <span class='ocrx_word' id='word_1_94' title='bbox 556 1111 765 1169; x_wconf 89' lang='lat' dir='ltr'>habere</span> <span class='ocrx_word' id='word_1_95' title='bbox 816 1109 1098 1168; x_wconf 88' lang='lat' dir='ltr'>rationem</span> <span class='ocrx_word' id='word_1_96' title='bbox 1128 1128 1239 1166; x_wconf 84' lang='lat' dir='ltr'>nos</span> <span class='ocrx_word' id='word_1_97' title='bbox 1274 1105 1665 1186; x_wconf 88' lang='lat' dir='ltr'>persequendi,</span> <span class='ocrx_word' id='word_1_98' title='bbox 1713 1125 1893 1183; x_wconf 87' lang='lat' dir='ltr'>quam</span> 
     </span>
     <span class='ocr_line' id='line_1_14' title="bbox 147 1186 1892 1269; baseline -0.003 -19"><span class='ocrx_word' id='word_1_99' title='bbox 147 1212 251 1251; x_wconf 89' lang='lat' dir='ltr'>nos</span> <span class='ocrx_word' id='word_1_100' title='bbox 301 1194 577 1252; x_wconf 89' lang='lat' dir='ltr'>habemus</span> <span class='ocrx_word' id='word_1_101' title='bbox 631 1189 704 1249; x_wconf 93' lang='lat' dir='ltr'>ad</span> <span class='ocrx_word' id='word_1_102' title='bbox 750 1190 879 1250; x_wconf 90' lang='lat' dir='ltr'>illos</span> <span class='ocrx_word' id='word_1_103' title='bbox 925 1189 1359 1269; x_wconf 77' lang='lat' dir='ltr'>persequendOS,</span> <span class='ocrx_word' id='word_1_104' title='bbox 1406 1188 1563 1268; x_wconf 87' lang='lat' dir='ltr'>quia,</span> <span class='ocrx_word' id='word_1_105' title='bbox 1607 1203 1675 1245; x_wconf 86' lang='lat' dir='ltr'>ut</span> <span class='ocrx_word' id='word_1_106' title='bbox 1711 1186 1892 1254; x_wconf 87' lang='lat' dir='ltr'>aiunt,</span> 
     </span>
     <span class='ocr_line' id='line_1_15' title="bbox 147 1266 1897 1342; baseline -0.003 -12"><span class='ocrx_word' id='word_1_107' title='bbox 147 1293 251 1331; x_wconf 90' lang='lat' dir='ltr'>nos</span> <span class='ocrx_word' id='word_1_108' title='bbox 286 1273 476 1332; x_wconf 89' lang='lat' dir='ltr'>sumus</span> <span class='ocrx_word' id='word_1_109' title='bbox 518 1273 576 1332; x_wconf 89' lang='lat' dir='ltr'>in</span> <span class='ocrx_word' id='word_1_110' title='bbox 602 1271 867 1342; x_wconf 79' lang='lat' dir='ltr'>veritate,</span> <span class='ocrx_word' id='word_1_111' title='bbox 911 1271 995 1330; x_wconf 90' lang='lat' dir='ltr'>illi</span> <span class='ocrx_word' id='word_1_112' title='bbox 1043 1287 1240 1330; x_wconf 91' lang='lat' dir='ltr'>autem</span> <span class='ocrx_word' id='word_1_113' title='bbox 1284 1271 1340 1328; x_wconf 91' lang='lat' dir='ltr'>in</span> <span class='ocrx_word' id='word_1_114' title='bbox 1388 1289 1607 1339; x_wconf 88' lang='lat' dir='ltr'>errore,</span> <span class='ocrx_word' id='word_1_115' title='bbox 1655 1266 1734 1326; x_wconf 89' lang='lat' dir='ltr'>est</span> <span class='ocrx_word' id='word_1_116' title='bbox 1781 1266 1897 1326; x_wconf 73' lang='lat' dir='ltr'>mi·</span> 
     </span>
     <span class='ocr_line' id='line_1_16' title="bbox 151 1350 1896 1432; baseline -0.004 -19"><span class='ocrx_word' id='word_1_117' title='bbox 151 1353 381 1413; x_wconf 77' lang='lat' dir='ltr'>serrime</span> <span class='ocrx_word' id='word_1_118' title='bbox 429 1353 491 1410; x_wconf 88' lang='lat'>&amp;</span> <span class='ocrx_word' id='word_1_119' title='bbox 540 1352 883 1432; x_wconf 76' lang='lat' dir='ltr'>ineptiffime</span> <span class='ocrx_word' id='word_1_120' title='bbox 948 1351 1326 1432; x_wconf 78' lang='lat' dir='ltr'>quaestionem</span> <span class='ocrx_word' id='word_1_121' title='bbox 1378 1366 1591 1431; x_wconf 87' lang='lat' dir='ltr'>petere.</span> <span class='ocrx_word' id='word_1_122' title='bbox 1678 1350 1896 1410; x_wconf 85' lang='lat' dir='ltr'>Nonne</span> 
     </span>
     <span class='ocr_line' id='line_1_17' title="bbox 152 1430 1897 1517; baseline -0.003 -23"><span class='ocrx_word' id='word_1_123' title='bbox 152 1436 278 1494; x_wconf 82' lang='lat' dir='ltr'>haec</span> <span class='ocrx_word' id='word_1_124' title='bbox 319 1433 581 1495; x_wconf 67' lang='lat' dir='ltr'>dostrina</span> <span class='ocrx_word' id='word_1_125' title='bbox 630 1434 847 1514; x_wconf 92' lang='lat' dir='ltr'>ubique</span> <span class='ocrx_word' id='word_1_126' title='bbox 882 1433 1341 1517; x_wconf 77' lang='lat' dir='ltr'>persequentium</span> <span class='ocrx_word' id='word_1_127' title='bbox 1384 1454 1584 1492; x_wconf 87' lang='lat' dir='ltr'>manus</span> <span class='ocrx_word' id='word_1_128' title='bbox 1614 1430 1897 1489; x_wconf 88' lang='lat' dir='ltr'>corrobo-</span> 
     </span>
     <span class='ocr_line' id='line_1_18' title="bbox 157 1511 1900 1596; baseline -0.003 -22"><span class='ocrx_word' id='word_1_129' title='bbox 157 1532 270 1586; x_wconf 88' lang='lat' dir='ltr'>rat,</span> <span class='ocrx_word' id='word_1_130' title='bbox 316 1515 486 1596; x_wconf 90' lang='lat' dir='ltr'>idque</span> <span class='ocrx_word' id='word_1_131' title='bbox 530 1516 887 1579; x_wconf 76' lang='lat' dir='ltr'>rationaliter</span> <span class='ocrx_word' id='word_1_132' title='bbox 930 1515 961 1574; x_wconf 70' lang='lat' dir='ltr'>a</span> <span class='ocrx_word' id='word_1_133' title='bbox 999 1514 1150 1594; x_wconf 68' lang='lat' dir='ltr'>justa</span> <span class='ocrx_word' id='word_1_134' title='bbox 1187 1515 1270 1574; x_wconf 87' lang='lat' dir='ltr'>sui</span> <span class='ocrx_word' id='word_1_135' title='bbox 1312 1511 1766 1594; x_wconf 86' lang='lat' dir='ltr'>praeservationis</span> <span class='ocrx_word' id='word_1_136' title='bbox 1808 1511 1900 1570; x_wconf 38' lang='lat' dir='ltr'>sod</span> 
     </span>
     <span class='ocr_line' id='line_1_19' title="bbox 153 1592 1900 1679; baseline -0.003 -22"><span class='ocrx_word' id='word_1_137' title='bbox 153 1596 492 1658; x_wconf 88' lang='lat' dir='ltr'>licitudine?</span> <span class='ocrx_word' id='word_1_138' title='bbox 555 1597 706 1679; x_wconf 82' lang='lat' dir='ltr'>Qis</span> <span class='ocrx_word' id='word_1_139' title='bbox 739 1597 893 1656; x_wconf 90' lang='lat' dir='ltr'>enim</span> <span class='ocrx_word' id='word_1_140' title='bbox 939 1616 1032 1655; x_wconf 89' lang='lat' dir='ltr'>me</span> <span class='ocrx_word' id='word_1_141' title='bbox 1078 1595 1425 1675; x_wconf 85' lang='lat' dir='ltr'>redarguere</span> <span class='ocrx_word' id='word_1_142' title='bbox 1457 1595 1668 1674; x_wconf 85' lang='lat' dir='ltr'>potest,</span> <span class='ocrx_word' id='word_1_143' title='bbox 1737 1592 1900 1673; x_wconf 82' lang='lat' dir='ltr'>quod</span> 
     </span>
     <span class='ocr_line' id='line_1_20' title="bbox 156 1676 1897 1758; baseline -0.003 -20"><span class='ocrx_word' id='word_1_144' title='bbox 156 1677 329 1739; x_wconf 90' lang='lat' dir='ltr'>illum</span> <span class='ocrx_word' id='word_1_145' title='bbox 356 1678 623 1758; x_wconf 85' lang='lat' dir='ltr'>perdam,</span> <span class='ocrx_word' id='word_1_146' title='bbox 669 1697 842 1758; x_wconf 88' lang='lat' dir='ltr'>quem</span> <span class='ocrx_word' id='word_1_147' title='bbox 884 1677 998 1736; x_wconf 90' lang='lat' dir='ltr'>scio</span> <span class='ocrx_word' id='word_1_148' title='bbox 1045 1677 1229 1737; x_wconf 90' lang='lat' dir='ltr'>solum</span> <span class='ocrx_word' id='word_1_149' title='bbox 1281 1676 1638 1736; x_wconf 77' lang='lat' dir='ltr'>occasionem</span> <span class='ocrx_word' id='word_1_150' title='bbox 1679 1692 1897 1755; x_wconf 87' lang='lat' dir='ltr'>petere,</span> 
     </span>
     <span class='ocr_line' id='line_1_21' title="bbox 154 1754 1902 1838; baseline -0.005 -19"><span class='ocrx_word' id='word_1_151' title='bbox 154 1777 224 1819; x_wconf 90' lang='lat' dir='ltr'>ut</span> <span class='ocrx_word' id='word_1_152' title='bbox 259 1759 415 1819; x_wconf 89' lang='lat' dir='ltr'>idem</span> <span class='ocrx_word' id='word_1_153' title='bbox 457 1758 598 1820; x_wconf 86' lang='lat' dir='ltr'>mihi</span> <span class='ocrx_word' id='word_1_154' title='bbox 636 1760 824 1838; x_wconf 89' lang='lat' dir='ltr'>agat?</span> <span class='ocrx_word' id='word_1_155' title='bbox 871 1758 993 1818; x_wconf 76' lang='lat' dir='ltr'>imo</span> <span class='ocrx_word' id='word_1_156' title='bbox 1039 1758 1151 1818; x_wconf 91' lang='lat' dir='ltr'>hoc</span> <span class='ocrx_word' id='word_1_157' title='bbox 1188 1758 1368 1817; x_wconf 89' lang='lat' dir='ltr'>modo</span> <span class='ocrx_word' id='word_1_158' title='bbox 1411 1777 1608 1817; x_wconf 88' lang='lat' dir='ltr'>omnes</span> <span class='ocrx_word' id='word_1_159' title='bbox 1660 1754 1902 1815; x_wconf 86' lang='lat' dir='ltr'>Christi-</span> 
     </span>
     <span class='ocr_line' id='line_1_22' title="bbox 154 1835 1902 1922; baseline -0.004 -21"><span class='ocrx_word' id='word_1_160' title='bbox 154 1862 404 1902; x_wconf 87' lang='lat' dir='ltr'>anorum</span> <span class='ocrx_word' id='word_1_161' title='bbox 445 1840 883 1922; x_wconf 75' lang='lat' dir='ltr'>persecutioneS,</span> <span class='ocrx_word' id='word_1_162' title='bbox 944 1858 1076 1919; x_wconf 81' lang='lat' dir='ltr'>quae</span> <span class='ocrx_word' id='word_1_163' title='bbox 1123 1839 1268 1899; x_wconf 90' lang='lat' dir='ltr'>olim</span> <span class='ocrx_word' id='word_1_164' title='bbox 1321 1858 1525 1899; x_wconf 89' lang='lat' dir='ltr'>eorum</span> <span class='ocrx_word' id='word_1_165' title='bbox 1569 1838 1762 1918; x_wconf 82' lang='lat' dir='ltr'>gloria</span> <span class='ocrx_word' id='word_1_166' title='bbox 1812 1835 1902 1895; x_wconf 88' lang='lat' dir='ltr'>fu-</span> 
     </span>
     <span class='ocr_line' id='line_1_23' title="bbox 151 1921 1899 2001; baseline -0.003 -20"><span class='ocrx_word' id='word_1_167' title='bbox 151 1944 271 1994; x_wconf 85' lang='lat' dir='ltr'>ere,</span> <span class='ocrx_word' id='word_1_168' title='bbox 317 1923 469 1981; x_wconf 92' lang='lat' dir='ltr'>fiunt</span> <span class='ocrx_word' id='word_1_169' title='bbox 504 1925 735 1981; x_wconf 74' lang='lat' dir='ltr'>tantum</span> <span class='ocrx_word' id='word_1_170' title='bbox 774 1921 917 2001; x_wconf 69' lang='lat' dir='ltr'>pura</span> <span class='ocrx_word' id='word_1_171' title='bbox 947 1922 1314 1989; x_wconf 78' lang='lat' dir='ltr'>neceffitate3</span> <span class='ocrx_word' id='word_1_172' title='bbox 1379 1921 1459 1980; x_wconf 87' lang='lat' dir='ltr'>ita</span> <span class='ocrx_word' id='word_1_173' title='bbox 1507 1937 1574 1980; x_wconf 89' lang='lat' dir='ltr'>ut</span> <span class='ocrx_word' id='word_1_174' title='bbox 1614 1940 1732 1978; x_wconf 85' lang='lat' dir='ltr'>non</span> <span class='ocrx_word' id='word_1_175' title='bbox 1771 1936 1899 1976; x_wconf 86' lang='lat' dir='ltr'>tan-</span> 
     </span>
     <span class='ocr_line' id='line_1_24' title="bbox 158 1999 1904 2083; baseline -0.003 -21"><span class='ocrx_word' id='word_1_176' title='bbox 158 2023 338 2083; x_wconf 87' lang='lat' dir='ltr'>quam</span> <span class='ocrx_word' id='word_1_177' title='bbox 377 2002 512 2082; x_wconf 89' lang='lat' dir='ltr'>agni</span> <span class='ocrx_word' id='word_1_178' title='bbox 566 2003 642 2061; x_wconf 90' lang='lat' dir='ltr'>ad</span> <span class='ocrx_word' id='word_1_179' title='bbox 691 2002 985 2062; x_wconf 87' lang='lat' dir='ltr'>interitum</span> <span class='ocrx_word' id='word_1_180' title='bbox 1032 2001 1335 2070; x_wconf 88' lang='lat' dir='ltr'>ducantur,</span> <span class='ocrx_word' id='word_1_181' title='bbox 1411 2018 1478 2061; x_wconf 92' lang='lat' dir='ltr'>ut</span> <span class='ocrx_word' id='word_1_182' title='bbox 1533 2016 1658 2060; x_wconf 88' lang='lat' dir='ltr'>erat</span> <span class='ocrx_word' id='word_1_183' title='bbox 1712 1999 1904 2058; x_wconf 85' lang='lat' dir='ltr'>salutis</span> 
     </span>
     <span class='ocr_line' id='line_1_25' title="bbox 159 2081 1920 2163; baseline -0.003 -20"><span class='ocrx_word' id='word_1_184' title='bbox 159 2104 366 2143; x_wconf 90' lang='lat' dir='ltr'>eorum</span> <span class='ocrx_word' id='word_1_185' title='bbox 405 2084 546 2154; x_wconf 85' lang='lat' dir='ltr'>dux,</span> <span class='ocrx_word' id='word_1_186' title='bbox 590 2083 680 2142; x_wconf 86' lang='lat' dir='ltr'>sed</span> <span class='ocrx_word' id='word_1_187' title='bbox 710 2083 900 2163; x_wconf 89' lang='lat' dir='ltr'>potius</span> <span class='ocrx_word' id='word_1_188' title='bbox 933 2099 1000 2143; x_wconf 89' lang='lat' dir='ltr'>ut</span> <span class='ocrx_word' id='word_1_189' title='bbox 1039 2083 1162 2163; x_wconf 91' lang='lat' dir='ltr'>lupi</span> <span class='ocrx_word' id='word_1_190' title='bbox 1190 2081 1400 2142; x_wconf 79' lang='lat' dir='ltr'>insidiis</span> <span class='ocrx_word' id='word_1_191' title='bbox 1423 2083 1602 2163; x_wconf 80' lang='lat' dir='ltr'>capti,</span> <span class='ocrx_word' id='word_1_192' title='bbox 1645 2082 1743 2160; x_wconf 89' lang='lat' dir='ltr'>qui</span> <span class='ocrx_word' id='word_1_193' title='bbox 1775 2101 1920 2140; x_wconf 77' lang='lat' dir='ltr'>rur--</span> 
     </span>
     <span class='ocr_line' id='line_1_26' title="bbox 161 2163 1898 2245; baseline -0.002 -20"><span class='ocrx_word' id='word_1_194' title='bbox 161 2166 249 2226; x_wconf 89' lang='lat' dir='ltr'>sus</span> <span class='ocrx_word' id='word_1_195' title='bbox 295 2184 413 2225; x_wconf 89' lang='lat' dir='ltr'>non</span> <span class='ocrx_word' id='word_1_196' title='bbox 454 2163 745 2236; x_wconf 88' lang='lat' dir='ltr'>mordent,</span> <span class='ocrx_word' id='word_1_197' title='bbox 792 2165 925 2244; x_wconf 88' lang='lat' dir='ltr'>quia</span> <span class='ocrx_word' id='word_1_198' title='bbox 956 2185 1070 2225; x_wconf 89' lang='lat' dir='ltr'>non</span> <span class='ocrx_word' id='word_1_199' title='bbox 1113 2165 1364 2245; x_wconf 85' lang='lat' dir='ltr'>poffunt,</span> <span class='ocrx_word' id='word_1_200' title='bbox 1411 2165 1533 2243; x_wconf 88' lang='lat' dir='ltr'>qui,</span> <span class='ocrx_word' id='word_1_201' title='bbox 1582 2163 1622 2222; x_wconf 90' lang='lat' dir='ltr'>s1</span> <span class='ocrx_word' id='word_1_202' title='bbox 1653 2163 1898 2243; x_wconf 80' lang='lat' dir='ltr'>possent,</span> 
     </span>
     <span class='ocr_line' id='line_1_27' title="bbox 166 2244 1909 2327; baseline -0.002 -21"><span class='ocrx_word' id='word_1_203' title='bbox 166 2247 356 2327; x_wconf 89' lang='lat' dir='ltr'>parati</span> <span class='ocrx_word' id='word_1_204' title='bbox 394 2261 560 2307; x_wconf 92' lang='lat' dir='ltr'>erant</span> <span class='ocrx_word' id='word_1_205' title='bbox 606 2245 814 2306; x_wconf 88' lang='lat' dir='ltr'>eodem</span> <span class='ocrx_word' id='word_1_206' title='bbox 845 2246 1027 2305; x_wconf 87' lang='lat' dir='ltr'>modo</span> <span class='ocrx_word' id='word_1_207' title='bbox 1062 2267 1160 2306; x_wconf 88' lang='lat' dir='ltr'>eos</span> <span class='ocrx_word' id='word_1_208' title='bbox 1201 2246 1275 2306; x_wconf 90' lang='lat' dir='ltr'>ad</span> <span class='ocrx_word' id='word_1_209' title='bbox 1322 2247 1518 2326; x_wconf 88' lang='lat' dir='ltr'>ignem</span> <span class='ocrx_word' id='word_1_210' title='bbox 1546 2262 1647 2304; x_wconf 88' lang='lat' dir='ltr'>aut</span> <span class='ocrx_word' id='word_1_211' title='bbox 1676 2244 1909 2324; x_wconf 88' lang='lat' dir='ltr'>patibu-</span> 
     </span>
     <span class='ocr_line' id='line_1_28' title="bbox 166 2326 1910 2408; baseline -0.003 -20"><span class='ocrx_word' id='word_1_212' title='bbox 166 2329 290 2388; x_wconf 89' lang='lat' dir='ltr'>lum</span> <span class='ocrx_word' id='word_1_213' title='bbox 326 2327 557 2398; x_wconf 89' lang='lat' dir='ltr'>ducere,</span> <span class='ocrx_word' id='word_1_214' title='bbox 619 2327 650 2386; x_wconf 71' lang='lat' dir='ltr'>a</span> <span class='ocrx_word' id='word_1_215' title='bbox 690 2327 897 2408; x_wconf 90' lang='lat' dir='ltr'>quibus</span> <span class='ocrx_word' id='word_1_216' title='bbox 938 2347 1089 2387; x_wconf 90' lang='lat' dir='ltr'>nunc</span> <span class='ocrx_word' id='word_1_217' title='bbox 1115 2328 1421 2387; x_wconf 73' lang='lat' dir='ltr'>ducuntur:</span> <span class='ocrx_word' id='word_1_218' title='bbox 1507 2326 1636 2386; x_wconf 91' lang='lat' dir='ltr'>Ubi</span> <span class='ocrx_word' id='word_1_219' title='bbox 1682 2326 1763 2384; x_wconf 91' lang='lat' dir='ltr'>est</span> <span class='ocrx_word' id='word_1_220' title='bbox 1812 2326 1910 2384; x_wconf 74' lang='lat' dir='ltr'>hic</span> 
     </span>
     <span class='ocr_line' id='line_1_29' title="bbox 168 2406 1908 2488; baseline -0.002 -21"><span class='ocrx_word' id='word_1_221' title='bbox 168 2409 348 2488; x_wconf 90' lang='lat' dir='ltr'>igitur</span> <span class='ocrx_word' id='word_1_222' title='bbox 390 2407 532 2466; x_wconf 90' lang='lat' dir='ltr'>fides</span> <span class='ocrx_word' id='word_1_223' title='bbox 569 2406 632 2466; x_wconf 86' lang='lat'>&amp;</span> <span class='ocrx_word' id='word_1_224' title='bbox 658 2407 934 2487; x_wconf 87' lang='lat' dir='ltr'>patientia</span> <span class='ocrx_word' id='word_1_225' title='bbox 963 2408 1335 2468; x_wconf 64' lang='lat' dir='ltr'>sanctorum?</span> <span class='ocrx_word' id='word_1_226' title='bbox 1385 2409 1575 2468; x_wconf 88' lang='lat' dir='ltr'>Parva</span> <span class='ocrx_word' id='word_1_227' title='bbox 1613 2407 1766 2467; x_wconf 88' lang='lat' dir='ltr'>enim</span> <span class='ocrx_word' id='word_1_228' title='bbox 1808 2407 1908 2465; x_wconf 85' lang='lat' dir='ltr'>illa</span> 
     </span>
     <span class='ocr_line' id='line_1_30' title="bbox 159 2488 1901 2570; baseline -0.002 -21"><span class='ocrx_word' id='word_1_229' title='bbox 159 2491 242 2549; x_wconf 89' lang='lat' dir='ltr'>est</span> <span class='ocrx_word' id='word_1_230' title='bbox 272 2489 465 2568; x_wconf 91' lang='lat' dir='ltr'>gloria</span> <span class='ocrx_word' id='word_1_231' title='bbox 490 2488 769 2548; x_wconf 88' lang='lat' dir='ltr'>virtutem</span> <span class='ocrx_word' id='word_1_232' title='bbox 813 2489 844 2549; x_wconf 78' lang='grc' dir='ltr'>ὲ</span> <span class='ocrx_word' id='word_1_233' title='bbox 884 2491 1206 2550; x_wconf 74' lang='lat' dir='ltr'>necessitate</span> <span class='ocrx_word' id='word_1_234' title='bbox 1239 2489 1443 2560; x_wconf 84' lang='lat' dir='ltr'>facere,</span> <span class='ocrx_word' id='word_1_235' title='bbox 1490 2489 1551 2547; x_wconf 87' lang='lat'>&amp;</span> <span class='ocrx_word' id='word_1_236' title='bbox 1579 2491 1721 2570; x_wconf 81' lang='lat' dir='ltr'>pati,</span> <span class='ocrx_word' id='word_1_237' title='bbox 1767 2489 1901 2568; x_wconf 86' lang='lat' dir='ltr'>quia</span> 
     </span>
     <span class='ocr_line' id='line_1_31' title="bbox 171 2569 1909 2651; baseline -0.003 -20"><span class='ocrx_word' id='word_1_238' title='bbox 171 2593 288 2631; x_wconf 91' lang='lat' dir='ltr'>non</span> <span class='ocrx_word' id='word_1_239' title='bbox 324 2571 550 2651; x_wconf 91' lang='lat' dir='ltr'>possum</span> <span class='ocrx_word' id='word_1_240' title='bbox 587 2569 752 2629; x_wconf 90' lang='lat' dir='ltr'>aliter</span> <span class='ocrx_word' id='word_1_241' title='bbox 774 2590 991 2650; x_wconf 76' lang='lat' dir='ltr'>agere3</span> <span class='ocrx_word' id='word_1_242' title='bbox 1036 2571 1223 2629; x_wconf 90' lang='lat' dir='ltr'>omnis</span> <span class='ocrx_word' id='word_1_243' title='bbox 1253 2571 1345 2630; x_wconf 90' lang='lat' dir='ltr'>fur</span> <span class='ocrx_word' id='word_1_244' title='bbox 1382 2572 1444 2628; x_wconf 76' lang='grc' dir='ltr'>δε</span> <span class='ocrx_word' id='word_1_245' title='bbox 1478 2570 1765 2630; x_wconf 88' lang='lat' dir='ltr'>homicida</span> <span class='ocrx_word' id='word_1_246' title='bbox 1799 2571 1909 2628; x_wconf 88' lang='lat' dir='ltr'>hoc</span> 
     </span>
     <span class='ocr_line' id='line_1_32' title="bbox 175 2651 1915 2742; baseline -0.002 -30"><span class='ocrx_word' id='word_1_247' title='bbox 175 2653 360 2712; x_wconf 88' lang='lat' dir='ltr'>modo</span> <span class='ocrx_word' id='word_1_248' title='bbox 402 2666 628 2742; x_wconf 78' lang='lat' dir='ltr'>martyr</span> <span class='ocrx_word' id='word_1_249' title='bbox 656 2651 738 2710; x_wconf 93' lang='lat' dir='ltr'>est</span> <span class='ocrx_word' id='word_1_250' title='bbox 771 2675 790 2718; x_wconf 78' lang='lat'>3</span> <span class='ocrx_word' id='word_1_251' title='bbox 835 2653 947 2712; x_wconf 87' lang='lat' dir='ltr'>hoc</span> <span class='ocrx_word' id='word_1_252' title='bbox 988 2653 1342 2732; x_wconf 87' lang='lat' dir='ltr'>experientia</span> <span class='ocrx_word' id='word_1_253' title='bbox 1378 2651 1606 2711; x_wconf 90' lang='lat' dir='ltr'>abunde</span> <span class='ocrx_word' id='word_1_254' title='bbox 1637 2651 1915 2733; x_wconf 82' lang='lat' dir='ltr'>probavit</span> 
     </span>
     <span class='ocr_line' id='line_1_33' title="bbox 176 2731 1913 2815; baseline -0.001 -23"><span class='ocrx_word' id='word_1_255' title='bbox 176 2731 479 2815; x_wconf 87' lang='lat' dir='ltr'>postremis</span> <span class='ocrx_word' id='word_1_256' title='bbox 521 2732 604 2791; x_wconf 77' lang='lat' dir='ltr'>his</span> <span class='ocrx_word' id='word_1_257' title='bbox 644 2732 859 2792; x_wconf 79' lang='lat' dir='ltr'>seculiS.</span> <span class='ocrx_word' id='word_1_258' title='bbox 949 2733 1129 2803; x_wconf 91' lang='lat' dir='ltr'>Nam,</span> <span class='ocrx_word' id='word_1_259' title='bbox 1176 2749 1311 2793; x_wconf 87' lang='lat' dir='ltr'>utut</span> <span class='ocrx_word' id='word_1_260' title='bbox 1352 2732 1632 2811; x_wconf 86' lang='lat' dir='ltr'>quaelibet</span> <span class='ocrx_word' id='word_1_261' title='bbox 1654 2734 1801 2792; x_wconf 66' lang='lat' dir='ltr'>secta</span> <span class='ocrx_word' id='word_1_262' title='bbox 1822 2733 1913 2792; x_wconf 84' lang='lat' dir='ltr'>lo-</span> 
     </span>
     <span class='ocr_line' id='line_1_34' title="bbox 176 2813 1912 2896; baseline -0.001 -23"><span class='ocrx_word' id='word_1_263' title='bbox 176 2830 389 2896; x_wconf 87' lang='lat' dir='ltr'>quatur</span> <span class='ocrx_word' id='word_1_264' title='bbox 416 2814 486 2871; x_wconf 93' lang='lat' dir='ltr'>de</span> <span class='ocrx_word' id='word_1_265' title='bbox 522 2813 737 2892; x_wconf 76' lang='lat' dir='ltr'>paffive</span> <span class='ocrx_word' id='word_1_266' title='bbox 778 2814 1240 2894; x_wconf 87' lang='lat' dir='ltr'>obtemperando</span> <span class='ocrx_word' id='word_1_267' title='bbox 1290 2814 1664 2894; x_wconf 84' lang='lat' dir='ltr'>Magistratui</span> <span class='ocrx_word' id='word_1_268' title='bbox 1702 2814 1912 2887; x_wconf 80' lang='lat' dir='ltr'>talibus</span> 
     </span>
     <span class='ocr_line' id='line_1_35' title="bbox 175 2890 1914 2976; baseline 0.001 -22"><span class='ocrx_word' id='word_1_269' title='bbox 175 2894 417 2967; x_wconf 69' lang='lat' dir='ltr'>cafibm,</span> <span class='ocrx_word' id='word_1_270' title='bbox 467 2894 530 2963; x_wconf 85' lang='lat'>&amp;</span> <span class='ocrx_word' id='word_1_271' title='bbox 557 2893 716 2973; x_wconf 92' lang='lat' dir='ltr'>quod</span> <span class='ocrx_word' id='word_1_272' title='bbox 744 2893 799 2953; x_wconf 90' lang='lat' dir='ltr'>in</span> <span class='ocrx_word' id='word_1_273' title='bbox 839 2894 944 2953; x_wconf 93' lang='lat' dir='ltr'>illo</span> <span class='ocrx_word' id='word_1_274' title='bbox 973 2895 1289 2954; x_wconf 88' lang='lat' dir='ltr'>authoritas</span> <span class='ocrx_word' id='word_1_275' title='bbox 1318 2890 1595 2962; x_wconf 59' lang='lat' dir='ltr'>resideat,</span> <span class='ocrx_word' id='word_1_276' title='bbox 1641 2912 1801 2976; x_wconf 89' lang='lat' dir='ltr'>patet</span> <span class='ocrx_word' id='word_1_277' title='bbox 1830 2911 1914 2956; x_wconf 85' lang='lat' dir='ltr'>ta-</span> 
     </span>
     <span class='ocr_line' id='line_1_36' title="bbox 178 2974 1917 3056; baseline 0.001 -20"><span class='ocrx_word' id='word_1_278' title='bbox 178 2995 334 3047; x_wconf 90' lang='lat' dir='ltr'>men,</span> <span class='ocrx_word' id='word_1_279' title='bbox 401 2976 560 3055; x_wconf 92' lang='lat' dir='ltr'>quod</span> <span class='ocrx_word' id='word_1_280' title='bbox 587 2974 686 3034; x_wconf 89' lang='lat' dir='ltr'>illa</span> <span class='ocrx_word' id='word_1_281' title='bbox 727 2974 925 3055; x_wconf 90' lang='lat' dir='ltr'>opinio</span> <span class='ocrx_word' id='word_1_282' title='bbox 969 2978 1045 3036; x_wconf 89' lang='lat' dir='ltr'>ab</span> <span class='ocrx_word' id='word_1_283' title='bbox 1095 2976 1206 3035; x_wconf 87' lang='lat' dir='ltr'>hoc</span> <span class='ocrx_word' id='word_1_284' title='bbox 1242 2976 1528 3056; x_wconf 89' lang='lat' dir='ltr'>principio</span> <span class='ocrx_word' id='word_1_285' title='bbox 1577 2978 1917 3038; x_wconf 86' lang='lat' dir='ltr'>naturaliter</span> 
     </span>
     <span class='ocr_line' id='line_1_37' title="bbox 181 3055 1914 3137; baseline 0.002 -22"><span class='ocrx_word' id='word_1_286' title='bbox 181 3057 391 3128; x_wconf 90' lang='lat' dir='ltr'>oritur,</span> <span class='ocrx_word' id='word_1_287' title='bbox 457 3055 616 3137; x_wconf 94' lang='lat' dir='ltr'>quod</span> <span class='ocrx_word' id='word_1_288' title='bbox 651 3074 1001 3136; x_wconf 86' lang='lat' dir='ltr'>quaecunque</span> <span class='ocrx_word' id='word_1_289' title='bbox 1034 3056 1201 3129; x_wconf 70' lang='lat' dir='ltr'>secta,</span> <span class='ocrx_word' id='word_1_290' title='bbox 1266 3057 1319 3117; x_wconf 92' lang='lat' dir='ltr'>se</span> <span class='ocrx_word' id='word_1_291' title='bbox 1362 3059 1666 3117; x_wconf 85' lang='lat' dir='ltr'>veritatem</span> <span class='ocrx_word' id='word_1_292' title='bbox 1724 3075 1914 3119; x_wconf 88' lang='lat' dir='ltr'>tenere</span> 
     </span>
     <span class='ocr_line' id='line_1_38' title="bbox 170 3137 1914 3220; baseline 0.002 -24"><span class='ocrx_word' id='word_1_293' title='bbox 170 3138 455 3219; x_wconf 82' lang='lat' dir='ltr'>judicanS‚</span> <span class='ocrx_word' id='word_1_294' title='bbox 500 3137 792 3218; x_wconf 89' lang='lat' dir='ltr'>quousque</span> <span class='ocrx_word' id='word_1_295' title='bbox 822 3154 1024 3216; x_wconf 87' lang='lat' dir='ltr'>potens</span> <span class='ocrx_word' id='word_1_296' title='bbox 1052 3139 1155 3210; x_wconf 92' lang='lat' dir='ltr'>est,</span> <span class='ocrx_word' id='word_1_297' title='bbox 1200 3139 1660 3220; x_wconf 88' lang='lat' dir='ltr'>superioritatem</span> <span class='ocrx_word' id='word_1_298' title='bbox 1689 3140 1914 3201; x_wconf 85' lang='lat' dir='ltr'>ambire</span> 
     </span>
     <span class='ocr_line' id='line_1_39' title="bbox 180 3218 1919 3302; baseline 0.002 -25"><span class='ocrx_word' id='word_1_299' title='bbox 180 3219 411 3290; x_wconf 91' lang='lat' dir='ltr'>debeat,</span> <span class='ocrx_word' id='word_1_300' title='bbox 476 3235 543 3279; x_wconf 91' lang='lat' dir='ltr'>ut</span> <span class='ocrx_word' id='word_1_301' title='bbox 586 3218 754 3279; x_wconf 87' lang='lat' dir='ltr'>aliter</span> <span class='ocrx_word' id='word_1_302' title='bbox 791 3218 1089 3281; x_wconf 89' lang='lat' dir='ltr'>sentientes</span> <span class='ocrx_word' id='word_1_303' title='bbox 1133 3219 1236 3281; x_wconf 87' lang='lat' dir='ltr'>fibi</span> <span class='ocrx_word' id='word_1_304' title='bbox 1289 3219 1571 3298; x_wconf 88' lang='lat' dir='ltr'>subjiciat,</span> <span class='ocrx_word' id='word_1_305' title='bbox 1635 3222 1697 3280; x_wconf 87' lang='lat'>&amp;</span> <span class='ocrx_word' id='word_1_306' title='bbox 1725 3221 1919 3302; x_wconf 85' lang='lat' dir='ltr'>magi-</span> 
     </span>
     <span class='ocr_line' id='line_1_40' title="bbox 179 3299 1911 3383; baseline 0.001 -22"><span class='ocrx_word' id='word_1_307' title='bbox 179 3301 424 3363; x_wconf 89' lang='lat' dir='ltr'>stratum</span> <span class='ocrx_word' id='word_1_308' title='bbox 474 3316 651 3383; x_wconf 86' lang='lat' dir='ltr'>cogat</span> <span class='ocrx_word' id='word_1_309' title='bbox 715 3299 1052 3366; x_wconf 86' lang='lat' dir='ltr'>sententiam</span> <span class='ocrx_word' id='word_1_310' title='bbox 1115 3302 1273 3366; x_wconf 89' lang='lat' dir='ltr'>suam</span> <span class='ocrx_word' id='word_1_311' title='bbox 1334 3302 1481 3364; x_wconf 86' lang='lat' dir='ltr'>tueri</span> <span class='ocrx_word' id='word_1_312' title='bbox 1539 3302 1612 3364; x_wconf 90' lang='lat' dir='ltr'>ad</span> <span class='ocrx_word' id='word_1_313' title='bbox 1661 3302 1911 3362; x_wconf 88' lang='lat' dir='ltr'>aliorum</span> 
     </span>
    </p>
   </div>
   <div class='ocr_carea' id='block_1_3' title="bbox 1648 3383 1910 3445">
    <p class='ocr_par' dir='ltr' id='par_1_3' title="bbox 1648 3383 1910 3445">
     <span class='ocr_line' id='line_1_41' title="bbox 1648 3383 1910 3445; baseline -0.008 0"><span class='ocrx_word' id='word_1_314' title='bbox 1648 3383 1910 3445; x_wconf 85' lang='lat' dir='ltr'>omnium</span> 
     </span>
    </p>
   </div>
  </div>
 </body>
</html>
