2086 3640
811 81 901 142 De
941 81 1224 161 Baptistae.
1472 39 1473 42 Ἰ
1749 110 1779 168 3
1793 109 1824 171 7
1832 114 1868 172 5

109 192 298 253 taliter
352 192 410 250 in
473 208 669 271 aquam
712 193 1089 270 immerserunt,
1155 189 1275 254 imo
1317 186 1658 267 differebant
1705 186 1860 274 saep<3

36 302 40 306 ·
113 272 464 351 baptismum
507 272 584 331 ad
598 273 914 350 ssnefftutem
955 271 1152 354 usque,
1199 271 1262 329 δε
1289 291 1361 331 ex
1390 270 1453 329 iis
1490 270 1733 353 quidam
1753 276 1856 334 suo

14 388 20 392 -
108 369 375 434 tempore
397 352 697 413 haereticos
714 348 1076 432 judicabant,
1126 351 1522 435 quiquaedam
1543 373 1678 414 cum
1704 356 1853 416 Pro-

108 434 446 496 testantibus
475 433 807 495 communia
828 435 901 494 de
931 435 1219 514 baptismo
1236 434 1551 495 sentiebant
1575 460 1596 502 3
1638 436 1857 517 quippe}

108 517 432 598 Augustinus
454 515 878 591 condemnabat
906 515 1248 597 Pelagianos„
1281 516 1438 595 quod
1467 515 1722 579 dicerent
1743 541 1853 577 mo-

105 601 298 658 rientes
317 599 438 675 stne
474 598 720 676 baptismo
752 595 979 676 salvari
1008 598 1150 676 poffe
1183 622 1201 663 3
1256 598 1319 655 &
1353 597 1643 674 Julianum
1681 599 1848 658 Pela-

95 682 338 759 gianum,
382 678 543 758 quod
569 678 900 756 exorcismum
941 678 1011 739 δέ
1052 678 1371 757 inflationem
1392 679 1695 741 admittere
1724 682 1852 740 nol-

103 761 222 818 let:
296 760 378 819 Et
421 759 731 820 Manichaei
766 759 1321 830 condemnabantur,
1384 761 1544 839 quod
1573 778 1851 842 negarent

95 844 338 923 gratiam
356 885 373 892 -
407 840 783 920 univetsaliter
835 856 942 919 per
996 842 1303 920 baptismum
1360 844 1605 919 conferri.
1647 886 1650 889 »
1690 847 1848 925 Qae

25 942 27 944 ·
101 922 299 982 omnia
340 923 515 983 etiam
558 922 943 983 Protestantes
991 938 1221 1003 negant.
1309 923 1477 983 Male
1524 919 1704 1002 igitur
1747 926 1848 984 ad-

101 1002 348 1064 modum
395 1002 561 1066 nobis
601 1002 885 1083 objiciunt
931 1003 1340 1073 ProtestanteS,
1404 1003 1566 1083 quod
1595 1026 1665 1064 ex
1703 1007 1852 1066 anti-

100 1085 226 1164 quis
268 1085 461 1146 nullos
509 1085 802 1164 ostendere
838 1085 1157 1165 possumuS‚
1202 1083 1300 1163 qui
1343 1086 1665 1162 baptismatis
1701 1108 1849 1165 aquae

99 1166 246 1244 uficm
273 1169 581 1247 negabant,
643 1170 778 1227 cum
819 1186 922 1227 nec
971 1165 1057 1225 illi
1104 1166 1255 1226 ullos
1285 1165 1580 1225 ostendere
1609 1164 1847 1245 pbffint,

98 1268 245 1325 quos
283 1268 401 1307 non
442 1247 776 1310 fatebuntur
816 1248 1136 1318 haereticos,
1180 1246 1274 1307 vel
1303 1246 1505 1306 saltem
1544 1248 1745 1306 erraffe
1789 1249 1845 1309 in

96 1327 214 1405 ejus
262 1329 384 1399 usn,
431 1328 525 1389 vel
575 1328 676 1412 qui
723 1350 795 1391 eo
833 1344 1055 1389 utentes
1083 1348 1199 1388 non
1237 1327 1410 1388 etiam
1448 1327 1532 1386 ufi
1552 1328 1678 1388 sunt
1689 1332 1845 1411 figao

14 1444 16 1446 v
95 1414 286 1480 crucis,
335 1410 396 1468 &
441 1411 583 1484 aliis,
628 1432 759 1492 quae
800 1409 907 1492 ipfi
950 1426 1178 1490 negant.
1265 1412 1453 1471 Fuere
1496 1427 1688 1471 tamen
1737 1413 1842 1471 eti-

19 1523 23 1528 -
96 1513 195 1551 am
248 1492 613 1572 temporibus
657 1494 913 1574 Papatus
962 1491 1403 1562 obscurioribUS,
1477 1492 1575 1570 qui
1640 1510 1843 1554 contra

96 1593 267 1652 aquae
309 1573 582 1652 baptismi
652 1575 822 1634 usum
867 1589 968 1634 aut
1024 1575 1411 1635 necessitatem
1461 1571 1649 1634 testati
1696 1573 1843 1635 sunu·
1910 1625 1912 1628 Α

96 1653 303 1714 Refert
345 1653 502 1714 enim
547 1653 780 1727 Alanus,
846 1676 982 1735 pag.
1033 1675 1167 1733 103,
1223 1674 1355 1729 104,
1412 1672 1543 1733 107.
1604 1655 1678 1714 de
1715 1658 1841 1736 qui-

94 1735 335 1796 busdam
383 1735 642 1815 loquens,
706 1736 848 1819 qubd
885 1737 1111 1819 dicerent
1144 1737 1454 1814 baptismum
1490 1735 1700 1798 nullam
1740 1740 1841 1797 ha-

24 1863 37 1875 „
93 1818 219 1877 bere
263 1816 550 1894 efficaciam
597 1817 690 1879 vel
728 1824 784 1880 in
803 1818 1083 1897 parvulis,
1130 1819 1222 1877 vel
1258 1821 1312 1877 in
1344 1816 1586 1883 adulam
1632 1818 1840 1900 ideoque

93 1901 172 1960 ad
208 1901 451 1977 baptismi
471 1897 838 1979 justeptionem
859 1901 1085 1959 homines
1112 1901 1314 1959 omnino
1342 1919 1444 1958 non
1472 1904 1653 1958 teneri.
1702 1902 1843 1960 Hac

91 1982 165 2042 de
202 1979 367 2042 causa
395 1981 597 2040 decem
629 1982 660 2042 ἐ
690 1980 994 2053 canoniciS,
1041 1979 1207 2040 dicitis
1228 1979 1434 2039 sanetae
1459 1981 1660 2052 cruciS,
1709 1984 1839 2041 Au-

91 2062 250 2122 reliae
287 2061 471 2120 exusti
497 2062 626 2122 sunt
656 2058 810 2141 juffu
841 2064 1064 2124 Roberti
1106 2061 1420 2121 Gallorum
1451 2062 1644 2140 Regis.
1717 2064 1834 2123 Re-

89 2143 205 2204 fert
262 2143 333 2203 P.
371 2144 617 2205 Pitboeus
655 2144 714 2205 in
755 2143 1092 2224 fragmentis
1135 2143 1392 2204 historiae
1436 2145 1830 2222 Aquitanicae,

89 2225 262 2306 idque
316 2225 569 2304 amplius
607 2225 944 2298 confirmat,
1011 2225 1110 2306 qui
1170 2246 1240 2283 eo
1291 2240 1556 2304 tempore
1600 2226 1826 2298 claruit,

90 2309 366 2385 Johannes
400 2306 721 2386 Floracensts
759 2307 1075 2368 monachus
1117 2307 1174 2367 in
1195 2307 1434 2386 epistola
1465 2305 1536 2365 ad
1578 2307 1826 2378 Olivam,

93 2388 402 2466 Ansonenfis
429 2388 681 2449 ecclefiae
721 2391 1008 2452 abbatem.
1093 2387 1148 2422 '⁶'
1174 2388 1320 2458 Volo,
1366 2387 1572 2467 inquit,
1617 2409 1711 2448 vos
1752 2393 1836 2453 in-

88 2484 237 2530 terea
269 2470 412 2547 scire
457 2467 522 2528 de
561 2471 768 2549 hiereli,
835 2492 953 2551 quce
1002 2470 1085 2530 die
1117 2472 1425 2547 santtorum
1473 2470 1830 2529 Innocentium

90 2555 148 2612 in
185 2549 564 2628 Aurelianenfi
597 2552 836 2623 civitate,
883 2574 1009 2612 nam
1033 2573 1223 2612 verum
1236 2554 1373 2630 fuit,
1405 2552 1460 2626 fi
1498 2551 1704 2629 aliquid
1728 2573 1826 2609 au·-

0 2686 21 2699 „
88 2633 254 2710 distis,
290 2634 427 2711 fecit
464 2633 587 2693 Rex
609 2634 871 2695 Robertus
896 2635 1054 2693 vivos
1083 2633 1271 2693 ardere
1314 2632 1374 2691 de
1401 2630 1700 2696 melioribus
1727 2633 1830 2692 cle-

0 2711 1 2728 *
89 2717 238 2784 ricis,
269 2715 394 2791 five
451 2713 514 2772 de
576 2714 914 2776 nobilioribus
957 2717 1167 2784 Laicis,
1224 2729 1393 2791 prope
1441 2713 1828 2791 quatuordecim

87 2793 307 2874 ejusdem
351 2796 607 2866 civitatis,
670 2799 791 2877 qui,
846 2796 964 2855 Deo
1007 2793 1236 2865 odibiles,
1291 2796 1559 2872 per-ofique
1605 2793 1725 2854 ca’lo
1755 2798 1824 2860 ξς)

90 2889 272 2945 terrae,
346 2875 645 2957 abnegando
707 2876 1037 2956 abnegabant
1087 2877 1236 2953 sacri
1283 2877 1522 2952 baptismi
1563 2880 1822 2955 gratiam,

92 2959 362 3017 Dominici
420 2979 614 3037 quoque
672 2960 896 3034 corporis
946 2957 1016 3017 δέ
1064 2957 1335 3038 sanguinis
1385 2958 1823 3034 consecrationem.
1890 2993 1894 3001 ·

91 3038 359 3119 Tempus
427 3038 509 3097 rei
566 3037 743 3117 gestae
792 3036 939 3096 hisce
993 3037 1204 3099 verbisx
1229 3036 1624 3114 consignatum
1672 3058 1830 3100 extat

92 3119 288 3201 Papir.
351 3119 605 3180 Mafl'on.
655 3117 792 3178 loco
850 3117 1048 3188 citatO,
1115 3125 1290 3178 abtum
1334 3116 1572 3177 Aurelia
1611 3121 1827 3195 publia?

1023 3200 1070 3258 B
1099 3201 1139 3260 b
1168 3220 1208 3275 4
1694 3223 1831 3263 almo

158 3385 190 3450 ἓ*
215 3386 369 3451 papir«
385 3382 572 3452 Maffon.
591 3386 1060 3446 Annal.fra77corum,
1081 3382 1165 3435 lib.
1185 3382 1254 3438 iii.
1279 3386 1324 3434 in
1348 3389 1537 3450 Hugone
1558 3385 1603 3436 8<
1622 3386 1822 3453 prerto.
