2086 3640
177 75 266 134 De
292 70 586 154 universali
613 68 682 133 δέ
711 68 996 151 fhlutzjf'ero
1025 68 1225 132 lumine
1249 70 1382 149 Jqlic
1409 68 1626 147 Christi.
1696 85 1817 150 107

80 179 235 238 tuale
278 174 487 238 Christi
523 195 751 256 corpuS,
823 192 1074 235 carnem'
1101 173 1164 234 ὅτ
1205 175 1538 255 sanguinem
1583 176 1816 248 Christi,

64 279 209 339 'quae
242 279 314 318 ex
354 258 501 318 caelo
525 256 753 334 venere,
798 256 860 314 δε
888 256 958 313 de
985 256 1192 334 quibus
1235 277 1435 315 omnes
1473 258 1662 321 Sanffl
1705 280 1816 323 co·-

78 341 337 412 medunt,
381 341 442 398 &
487 337 816 398 nutriuntur
843 337 901 395 in
941 335 1123 396 vitam
1173 353 1473 398 aeternam.
1557 339 1812 414 Ete‘ficut
1876 350 1881 355 ’

42 416 46 419 ’
78 437 280 482 contra
310 419 506 481 omnia
541 418 692 478 fasta
733 417 887 478 mala
935 415 1052 474 hoc
1093 417 1292 477 lumen
1319 419 1380 476 δε
1416 419 1809 492 semen‘ftesta-

78 517 192 572 tur,
238 503 318 562 ita
345 503 420 561 ab
460 501 537 560 eis
563 499 738 560 etiam
767 496 1151 575 crucifigitur,
1197 497 1572 578 extinguitur,
1615 497 1677 562 &
1705 523 1808 565 oc-

76 582 333 650 ciditur3
395 582 459 639 &
498 581 528 640 a
592 581 753 640 malo
790 578 942 659 ffigit
984 577 1046 634 &
1101 578 1399 650 abhorret,
1443 582 1625 643 veluti
1667 605 1809 649 caro

74 663 324 722 humana
350 662 503 742 fugit
542 662 606 722 δε
645 663 944 730 abhorret,
990 658 1150 739 quod
1174 675 1398 721 naturae
1424 662 1539 723 suae
1567 666 1811 727 noxium

70 743 134 801 δε
154 744 510 803 contrarium
539 745 637 803 est.
721 741 818 823 Et*
840 759 1022 822 quum
1050 740 1162 800 hoc
1199 759 1496 820 nunquam
1523 745 1813 825 separetur

71 823 103 880 a
150 825 278 883 Deo
322 825 384 883 ὅτ.
429 826 686 898 Christo,
747 824 845 884 sed
880 822 980 884 ubi
1026 821 1127 892 est,
1189 820 1271 883 ibi
1320 824 1495 884 etiam
1525 825 1703 900 Deus,
1747 830 1811 887 &

72 905 330 967 Christus
357 906 439 966 est
467 906 524 965 in
558 907 662 965 illo
703 905 992 966 involutus
1018 904 1079 962 ὅτ,
1104 902 1361 963 velatus:
1405 925 1478 964 eo
1514 905 1694 984 igitur
1723 930 1810 969 re-

69 986 288 1066 spectu,
332 988 435 1048 ubi
466 987 551 1048 illi
580 987 869 1057 resistitur,
916 986 1072 1047 Deus
1099 984 1310 1044 dicitur
1332 984 1505 1044 refisti
1531 989 1593 1046 δε
1620 990 1810 1069 depri-

71 1070 178 1139 mi,
222 1067 286 1128 &
329 1069 583 1129 Christus
624 1067 892 1149 crucifigi
930 1068 993 1125 &
1039 1065 1224 1126 occidi
1258 1089 1277 1132 ;
1337 1067 1401 1126 &
1444 1066 1588 1126 sicut
1631 1071 1808 1130 etiam

67 1149 342 1230 recipitur
396 1150 455 1211 in
491 1151 688 1221 corde,
748 1150 810 1209 &
853 1149 1126 1210 effectum
1169 1148 1335 1207 suum
1375 1148 1698 1209 naturalem
1746 1151 1813 1210 δὲ

63 1233 376 1314 proprium
404 1232 725 1323 producere
770 1251 887 1291 non
918 1228 1249 1310 impeditur,
1296 1228 1555 1288 Christus
1583 1228 1808 1293 forma·

65 1327 163 1370 tur
201 1313 263 1370 8ῑ
289 1311 582 1372 suscitatur
608 1313 666 1371 in
704 1314 900 1384 corde,
944 1312 1015 1371 de
1058 1331 1178 1390 quo
1213 1308 1513 1389 Scriptura
1540 1309 1807 1392 frequen-

63 1408 154 1453 ter
181 1393 538 1454 mentionem
568 1393 724 1466 facit,
768 1398 857 1475 qui
893 1416 1060 1455 novus
1087 1395 1253 1462 home,
1299 1391 1418 1452 scil.
1471 1391 1713 1473 Christus
1749 1400 1807 1455 in

64 1471 296 1548 Sanblis,
326 1478 446 1554 spes
466 1475 654 1557 gloriae
684 1477 899 1538 dicitur.
985 1475 1109 1536 Hic
1144 1474 1240 1534 ille
1270 1472 1529 1534 Christus
1552 1473 1807 1537 internus

61 1556 165 1627 est,
210 1557 282 1615 de
314 1578 433 1636 quo
468 1578 572 1617 nos
608 1574 836 1630 tantum
865 1557 939 1617 ’δε
967 1572 1089 1616 tam
1125 1555 1275 1636 saepe
1326 1554 1489 1634 loqui
1525 1555 1587 1613 &
1613 1555 1804 1618 decla·

64 1655 192 1698 rare
238 1638 524 1710 audimur,
568 1638 783 1719 ubique
831 1638 1207 1719 praedicantes
1256 1636 1449 1706 illum,
1510 1635 1573 1693 86
1599 1657 1801 1713 omnes

62 1717 391 1792 hortantes,
423 1737 490 1780 ut
538 1720 595 1781 in
635 1720 833 1780 lumen
862 1719 1114 1788 credant,
1161 1716 1360 1795 illique
1397 1718 1691 1791 obediant,
1736 1730 1804 1782 ut

64 1800 357 1862 Christum
379 1801 437 1862 in
452 1801 759 1881 semetipsis
799 1817 999 1860 natum
1027 1800 1090 1858 ὅτ
1110 1798 1509 1859 exsuscitatum
1544 1801 1799 1874 noscant,

62 1882 138 1941 ab
167 1883 328 1941 omni
355 1900 595 1962 peccato
628 1882 759 1942 illos
787 1882 1151 1941 liberantem.

103 1979 106 1982 ’
145 1964 298 2024 PER
343 1965 459 2024 hoc
500 1984 606 2023 nec
651 1963 927 2023 volumus
967 1982 1071 2020 nec
1114 1959 1377 2040 cupimus
1425 1961 1800 2044 nosmetipsos

58 2064 289 2125 aequare
328 2046 519 2105 sancto
561 2043 666 2114 illi,
694 2044 847 2115 viro,
894 2041 1162 2103 Domino
1204 2043 1336 2122 Jesu
1381 2043 1632 2115 Christo,
1698 2048 1800 2125 qui

57 2145 131 2185 ex
162 2125 354 2186 Maria
399 2126 642 2207 Virgine
682 2141 845 2186 natus
875 2123 1004 2197 fuit,
1048 2124 1105 2184 in
1154 2144 1274 2204 quo
1316 2123 1617 2185 habitabat
1666 2147 1800 2186 om-

58 2205 142 2265 nis
170 2207 465 2287 plenitudo
500 2206 809 2267 divinitatis
849 2205 1250 2286 corporaliter,
1296 2226 1479 2285 neque
1506 2208 1799 2286 praesentis

54 2286 172 2366 ejus
211 2288 522 2350 existentiae
571 2289 890 2349 realitatem
939 2288 1298 2357 destruimuS,
1366 2286 1511 2347 ficut
1551 2288 1791 2367 quidam

59 2389 164 2428 nos
225 2370 371 2431 falso
428 2369 758 2431 calumniati
813 2370 957 2431 sunt.
1044 2371 1207 2432 Nam
1256 2369 1395 2429 licet
1439 2369 1797 2431 affirmemus

61 2450 357 2512 Christum
391 2452 451 2512 in
494 2451 661 2512 nobis
688 2450 972 2523 habitare,
1032 2467 1226 2511 tamen
1270 2470 1388 2510 non
1431 2448 1789 2523 immediate,

54 2531 155 2591 sed
194 2534 459 2603 mediate,
503 2550 573 2593 ut
607 2532 688 2592 est
715 2531 773 2591 in
801 2531 908 2592 illo
935 2533 1166 2603 semine,
1212 2531 1367 2612 quod
1393 2530 1448 2590 in
1477 2530 1642 2592 nobis
1664 2532 1744 2592 est
1771 2558 1791 2599 ς

60 2632 196 2672 cum
223 2615 342 2685 ille,
386 2613 664 2674 nimirum
689 2615 939 2674 verbum
967 2630 1269 2683 aeternum,
1303 2611 1459 2690 quod
1487 2627 1611 2671 erat
1639 2614 1794 2693 apud

61 2691 279 2766 Deum,
322 2695 526 2775 &ipse
556 2695 713 2754 Deus
749 2709 893 2764 erat,
938 2693 1356 2754 &immediate
1386 2691 1685 2754 habitabat
1731 2694 1791 2754 in

58 2773 254 2834 sancto
294 2775 400 2835 illo
436 2775 707 2835 homine:
753 2774 829 2834 fic
858 2776 954 2834 ille
981 2774 1138 2855 quafi
1160 2790 1333 2854 caput
1352 2774 1454 2853 est,
1496 2794 1603 2834 nos
1631 2775 1791 2855 quasi

58 2858 379 2923 membra3
454 2857 553 2915 ille
598 2857 751 2928 vitis,
817 2876 920 2916 nos
974 2856 1132 2935 quasi
1173 2855 1477 2936 palmites:
1541 2855 1601 2913 &
1642 2856 1787 2917 ficut

56 2936 250 2996 anima
299 2937 489 2998 multo
548 2936 713 2997 aliter
774 2936 836 2996 δι
876 2938 1061 3016 magis
1109 2937 1438 2997 immediate
1493 2936 1681 2998 existit
1730 2938 1789 3000 in

56 3017 268 3097 capite,
312 3019 371 3077 δε
413 3018 706 3091 in¹corde,
755 3039 931 3098 quam
973 3017 1030 3077 in
1083 3018 1327 3079 brachiis
1361 3018 1454 3077 vel
1498 3017 1737 3098 pedibus
1763 3044 1784 3086 3

59 3096 124 3156 &
171 3098 315 3160 ficut
340 3100 526 3180 sapor,
570 3097 679 3171 viS‚
723 3101 952 3181 vitaque
991 3099 1121 3160 vitis
1154 3099 1340 3160 existit
1367 3100 1534 3158 aliter
1568 3099 1631 3158 ὅτ
1659 3120 1784 3160 ma-

55 3177 150 3262 gis
182 3180 239 3245 in
289 3197 494 3246 trunco
537 3181 600 3245 &
639 3179 849 3256 radice,
923 3180 1099 3262 quarn
1145 3182 1202 3244 in
1246 3180 1582 3264 palmitibus
1615 3205 1633 3248 3
1667 3180 1783 3271 ‘fic

1603 3278 1781 3324 etiam
