2086 3640
196 88 288 155 De
327 83 521 167 Potzest.
547 79 773 170 Magist.
805 86 953 149 civil.
983 89 1039 147 in
1061 85 1213 147 rebus
1230 81 1374 162 pur?
1399 81 1549 164 relig,
1563 84 1675 146 δερ,
1720 104 1838 167 435

105 192 362 275 potestate
427 205 689 271 exemptas
743 193 838 272 ff
909 192 1233 269 constientias
1287 189 1651 263 constituimus.
1733 191 1846 249 Sed

117 295 294 355 quare
334 274 514 360 igitur
550 275 609 335 in
648 274 888 333 exilium
916 270 1264 332 mittendum
1286 268 1421 335 fecit
1454 268 1842 344 Castellionem,

32 417 35 419 t
116 356 218 435 qui
264 354 620 416 conicientiae
665 354 830 414 caus&
864 374 996 413 cum
1036 352 1140 412 illo
1188 370 1303 411 non
1360 349 1554 429 potuit
1589 350 1843 421 credere,

112 437 375 516 ordinaffi’
413 437 591 498 Deum
650 437 877 495 homines
926 433 1002 494 ad
1045 431 1480 492 damnationem?
1545 429 1646 502 Et,
1711 429 1848 491 licet

116 520 326 578 Ser-veti
367 517 591 598 opinio,
638 518 695 576 in
715 513 1046 596 deneganda
1070 513 1280 573 Christi
1303 512 1599 572 divinitate
1620 510 1684 588 (fi
1710 512 1848 572 Cal-

114 599 257 658 vino
303 599 364 658 in
401 598 466 658 ea
505 619 566 658 re
603 598 674 657 fit
714 595 974 659 habenda
996 594 1162 672 fides)
1203 594 1339 653 effet
1358 592 1597 672 quidem
1621 594 1848 653 abomi-

117 679 324 750 nanda,
369 700 475 740 nec
510 680 698 739 minus
725 675 1142 738 abominandus
1171 690 1294 734 erat
1316 674 1543 733 Calvini
1565 676 1741 745 actm,
1789 675 1847 735 in

116 775 376 818 mortem
413 760 529 839 ejus
565 759 709 820 adeo
749 758 914 818 enixe
955 754 1228 836 petendO,
1294 756 1355 814 &
1400 756 1736 827 obtinendO,
1782 757 1846 815 &

106 838 479 922 justificando
517 841 814 901 haereticos
835 853 1025 899 morte
1054 836 1495 918 puniri-debere,
1541 858 1658 916 quo
1690 839 1846 897 Pon-

117 920 328 980 tificios
376 923 672 984 animabat
697 923 774 982 ad
801 921 1064 999 sequaces
1105 919 1233 978 suos
1261 917 1445 998 magis
1484 919 1844 978 confidenter

117 1002 458 1081 perdendos,
505 1006 639 1063 cum
675 1001 844 1082 ipfius
882 999 1114 1060 Calvini
1142 997 1424 1070 doctrina,
1468 998 1527 1056 id
1549 997 1652 1059 fibi
1674 999 1849 1059 licere

114 1103 358 1162 arguere
401 1085 645 1165 possent,
689 1083 862 1163 idque
908 1081 1109 1161 laepius
1152 1100 1475 1140 memorare
1521 1093 1634 1137 non
1668 1081 1848 1140 omit-

116 1166 336 1236 tebant,
383 1165 587 1246 quibus
625 1164 781 1224 certe
821 1161 1173 1243 argumentis
1210 1160 1377 1219 nullo
1406 1159 1584 1219 modo
1616 1161 1851 1241 respon-

114 1243 237 1305 deri
281 1248 504 1324 potest:
569 1245 721 1318 hine,
788 1246 956 1324 super
1011 1244 1156 1303 hanc
1197 1241 1577 1311 occasionem,
1634 1241 1850 1322 sapiens

116 1325 215 1383 ille
263 1328 326 1385 &
374 1326 687 1387 laudandus
729 1327 925 1388 histor.·
978 1324 1184 1384 concil.
1230 1323 1562 1383 Tridentini
1611 1324 1844 1394 author,

117 1407 220 1466 lib.
266 1427 320 1483 5.
359 1411 462 1469 ubi
502 1424 751 1480 enarrat,
818 1407 1118 1488 quomodo
1155 1405 1428 1487 permulti
1462 1405 1849 1464 Protestantes

117 1490 301 1548 exusti
342 1491 469 1550 sunt
491 1490 783 1570 religionis
822 1489 1012 1558 causa,
1060 1488 1260 1567 inquit,
1297 1486 1665 1545 admirationis
1692 1490 1850 1566 causa

118 1583 266 1640 erat,
313 1571 454 1650 qubd
480 1575 606 1631 novi
622 1574 992 1651 reformatores
1013 1573 1172 1629 etiam
1182 1570 1380 1646 punire
1400 1567 1663 1647 religionis
1685 1569 1848 1647 causd

114 1651 446 1728 offerebant.-
490 1652 572 1711 Et
591 1654 808 1732 postea,
856 1667 1081 1721 notanS,
1126 1649 1284 1729 qudd
1314 1648 1718 1708 haereticorum
1741 1671 1849 1729 pu-

115 1732 396 1792 nitionem
424 1733 764 1812 justificavit
806 1732 1102 1804 CalvinuS,
1161 1730 1342 1800 addit,
1390 1730 1495 1790 Sed
1527 1734 1651 1811 quia
1677 1733 1848 1791 haere-

99 1814 215 1891 scos
258 1836 439 1876 nomen
500 1818 665 1897 magis
722 1815 817 1874 vel
850 1816 1022 1874 miniis
1079 1814 1325 1893 restringi
1380 1812 1543 1888 poffit,
1612 1816 1715 1873 imb
1757 1813 1852 1872 vel

117 1897 281 1956 varie*
314 1897 568 1976 sumitur,
641 1897 883 1957 doitrina
930 1897 1039 1955 haec
1084 1898 1245 1954 etiam
1293 1893 1495 1971 diverso
1522 1895 1671 1973 fhnsu
1704 1897 1850 1973 sumi

108 1979 296 2054 potest,
344 1979 414 2039 &⁶
471 1978 757 2059 aliquando
809 1983 880 2039 eis
916 1998 1111 2046 nocere,
1158 1996 1279 2056 quos
1325 1974 1582 2055 quondam
1613 1978 1848 2056 juverit.

119 2058 278 2118 Haec
313 2059 494 2138 igitur
528 2061 599 2120 de
644 2058 1033 2141 persecutione
1079 2056 1338 2117 doctrina
1378 2055 1408 2113 ὲ
1468 2057 1845 2117 Protestanti-

119 2139 226 2198 bus
267 2140 543 2200 vindicari
581 2141 798 2221 nequit,
850 2139 953 2200 nifi
995 2140 1170 2200 etiam
1193 2137 1642 2200 Pontificiorum
1664 2138 1851 2219 inqui-

118 2218 363 2281 sitorum
412 2243 611 2283 manus
656 2223 1057 2292 corroborare,
1129 2221 1189 2278 &
1247 2240 1443 2280 revera
1502 2220 1733 2279 tandem
1791 2221 1850 2280 in

121 2301 306 2381 ipsum
359 2304 691 2383 Papismum
715 2303 1004 2383 appellere
1023 2302 1223 2361 velint.
1307 2302 1363 2360 Si
1384 2301 1538 2360 enim
1562 2300 1704 2359 mihi
1733 2322 1852 2361 non

122 2381 294 2443 liceat
332 2404 460 2444 eam
505 2385 839 2463 religionem
888 2382 1152 2462 profiteri
1194 2385 1253 2442 &
1291 2383 1353 2441 e&
1399 2383 1506 2453 uti,
1572 2402 1746 2462 quam
1792 2383 1849 2443 in

123 2464 457 2524 conscientia
494 2465 810 2544 persuasam
849 2465 1058 2534 habe0‚
1122 2464 1278 2543 quod
1334 2484 1471 2522 vera
1519 2462 1607 2533 fit,
1675 2463 1850 2523 incas-

122 2545 248 2605 sum
286 2546 365 2604 est
413 2546 652 2619 scrutari
699 2546 1042 2625 ScripturaS,
1114 2545 1208 2604 vel
1253 2545 1429 2604 fidem
1475 2565 1663 2603 meam
1721 2545 1852 2604 inde

122 2627 357 2706 eligere,
425 2647 558 2686 cum
594 2628 974 2708 quodcunque
1024 2625 1269 2686 observo
1293 2626 1384 2684 vel
1403 2627 1727 2704 persuasum
1750 2626 1850 2685 ha-

122 2708 255 2779 beo,
284 2760 287 2763 .
304 2707 524 2785 judicio
566 2709 932 2789 magistratus
970 2707 1031 2766 &
1074 2706 1210 2778 loci,
1261 2708 1359 2768 ubi
1404 2708 1549 2776 sum,
1612 2707 1706 2766 vel
1755 2728 1850 2766 me

124 2789 472 2868 acquiescere
516 2806 772 2880 oportet,
814 2790 907 2848 vel
956 2788 1210 2859 exulare,
1255 2788 1348 2847 vel
1391 2787 1684 2847 trucidari.
1768 2788 1852 2849 Et
1948 2836 1957 2843 t

128 2889 321 2929 nonne
363 2871 628 2931 haeretica
664 2871 786 2931 haec
827 2872 889 2930 &
931 2868 1396 2939 Antichristiana‚
1449 2869 1571 2927 tam
1603 2869 1851 2930 Pontifi-

128 2952 353 3011 ciorum
390 2953 571 3032 quam
602 2951 1076 3022 Protestantium‚
1128 2951 1387 3011 doctrina
1409 2949 1639 3010 tandem
1662 2951 1852 3011 evadit

126 3033 185 3093 in
234 3034 614 3094 execrandum
649 3033 808 3092 illam
860 3033 1206 3092 Mahumedis
1240 3033 1525 3112 politiam,
1576 3031 1672 3111 qui
1722 3053 1850 3091 om-

129 3135 262 3173 nem
307 3116 376 3175 de
396 3115 675 3235 rel'Xgione
697 3114 1020 3174 discursum.
1046 3114 1138 3173 vel
1172 3113 1666 3173 ratiocinationem
1711 3133 1850 3192 pro-

130 3195 339 3267 hibuit,
393 3198 524 3276 quia
568 3194 699 3254 inde
735 3195 1007 3255 factiones
1054 3196 1114 3253 δι’
1150 3195 1448 3254 divifiones
1478 3194 1847 3254 oriebantur:

131 3275 213 3341 Et
248 3278 422 3351 certe,
468 3279 588 3360 qui,
638 3293 881 3359 propter
917 3277 1157 3340 eandem
1213 3277 1517 3351 rationem,
1547 3274 1852 3359 persecuti-

1680 3376 1853 3417 onem
