2086 3640
225 89 348 153 234
535 70 1017 132 frHEst
1083 72 1650 156 DECIMA.

225 189 333 251 fibi
360 185 769 258 vendicabant,
829 186 910 248 ita
952 201 1019 248 ut
1065 187 1327 248 nonnulli
1354 188 1787 269 primitivorum
1817 197 1965 260 Pro-

225 269 556 331 testantium
607 288 724 328 non
765 268 1100 333 dubitarent
1146 268 1378 349 rejicere
1423 273 1791 354 &respuere
1817 279 1963 341 hanc

222 366 525 411 externam
565 350 959 423 vocationem,
1015 353 1156 414 tum
1203 373 1331 412 eam
1370 369 1568 418 contra
1610 356 1743 418 illos
1789 379 1960 440 urge-

226 447 358 493 rent
399 431 713 492 Pontificii.
801 434 979 496 Nunc
1011 451 1204 495 autem
1254 433 1658 509 Protestantes,
1720 439 1964 519 Spiritus

223 513 621 574 testimonium
651 513 982 588 deserenteS,
1025 516 1265 577 eandem
1306 533 1517 597 urgent
1540 519 1965 594 succeffionem,

225 596 310 666 δε,
356 596 493 655 cum
535 599 612 658 ab
640 595 706 656 iis
734 614 1096 678 premuntur,
1141 617 1284 679 quos
1321 598 1491 660 hodie
1538 600 1697 662 Deus
1743 601 1968 664 suscitat

224 675 544 738 reformare
589 677 808 740 multos
855 678 1008 752 istos,
1085 692 1186 762 qui
1225 680 1372 740 inter
1427 701 1526 743 eos
1573 682 1963 756 inveniuntur,

227 757 456 829 abusus,
501 775 769 840 urgentes
789 763 1121 844 exemplum
1144 777 1380 844 patrum
1408 783 1634 836 eorum,
1677 785 1829 827 nunc
1848 786 1967 827 non

225 839 566 902 erubescunt
604 843 846 904 omnino
885 864 1099 925 negare
1147 859 1337 924 patres
1376 844 1504 906 suos
1540 861 1779 908 vocatos
1805 845 1966 906 fuiffe

228 921 452 983 interna
481 924 544 983 δε
580 922 909 986 immediata
952 925 1258 987 vocatione
1282 926 1553 1007 SpirituS,
1595 947 1726 988 eam
1745 927 1968 987 vocati-

227 1024 402 1063 onem
445 1005 829 1078 vendicanteS,
893 1028 1070 1087 quam
1098 1008 1257 1068 aiunt
1296 1023 1489 1088 patres
1535 1009 1662 1069 suos
1690 1009 1966 1079 habuiffe,

180 1094 183 1096 ’
228 1100 299 1144 ut
326 1102 488 1145 erant
515 1086 765 1148 ecclefiae
794 1090 1080 1150 Romanae
1109 1089 1249 1149 cleri
1278 1112 1292 1147 :
1335 1091 1481 1150 Hoc
1519 1089 1675 1150 enim
1713 1090 1973 1159 affirmat

224 1166 262 1201 θ’
289 1165 569 1227 Nicolaus
608 1170 908 1230 Arnoldus
938 1172 995 1231 in
1038 1171 1287 1242 libellos
1305 1192 1480 1251 quem
1521 1186 1723 1231 contra
1751 1171 1850 1233 has
1879 1171 1968 1252 ip-

226 1247 313 1308 sas
355 1249 532 1308 theses
591 1250 831 1331 scripsit,
895 1272 1068 1331 quem
1120 1254 1564 1313 Exercitationem
1611 1253 1974 1336 Theologicam
2063 1268 2065 1271 ’

230 1346 407 1389 vocat
451 1331 584 1391 sest.
631 1352 731 1406 40.
795 1334 1108 1406 affirmans,
1174 1355 1255 1394 eos
1313 1342 1488 1394 astum
1523 1335 1756 1412 Spiritds
1787 1336 1970 1415 sanffli

234 1413 593 1472 immediatum
625 1434 727 1472 non
758 1416 1110 1494 praetendiffe,
1140 1417 1243 1493 sed
1256 1419 1320 1474 vi
1344 1417 1632 1476 vocationis
1651 1416 1968 1488 ordinarioe‚

231 1515 393 1573 quam
453 1495 720 1557 habebant
766 1498 823 1556 in
868 1495 1105 1575 ecclefid,
1183 1497 1358 1579 qualis
1412 1510 1538 1558 tunc
1575 1510 1716 1568 erat,
1800 1501 1974 1578 refor-

234 1576 417 1654 mciffe,
463 1575 578 1636 &a

315 1657 425 1715 IX.
472 1657 730 1716 MULTA
783 1655 888 1717 fibi
933 1655 1178 1717 absurda
1219 1658 1530 1739 imponunt
1557 1655 1972 1731 ProtestanteS,

233 1735 379 1796 dum
401 1736 780 1798 ministerium
796 1738 960 1806 suum
999 1739 1108 1801 hoc
1137 1739 1318 1799 modo
1345 1742 1423 1801 ab
1444 1737 1676 1801 ecclelia
1705 1739 1974 1802 Romani

231 1818 516 1879 derivant.
602 1819 808 1880 Primo
848 1819 1000 1881 enim
1050 1837 1292 1902 oportet
1330 1820 1638 1892 fateantur,
1701 1840 1831 1881 eam
1866 1821 1978 1882 effe

232 1919 436 1959 veram
480 1899 776 1961 ecclesiam
807 1901 1040 1972 Christi,
1105 1903 1240 1963 licet
1289 1903 1631 1983 quibusdam
1679 1903 1975 1965 erroribus

234 1981 608 2052 maculatam,
653 2003 772 2061 quo
816 1983 1078 2061 patribus
1105 1985 1532 2056 contradicunt,
1577 1983 1676 2064 qui
1714 2004 1843 2045 eam
1863 1984 1977 2045 fre·

231 2077 472 2142 quenter
493 2062 554 2120 &
582 2063 718 2132 vere
742 2063 1167 2123 Anti‘christum
1194 2068 1624 2144 nuncupabant.
1687 2066 1972 2136 Secundo,

230 2158 470 2223 oportet
498 2143 804 2214 fateantur,
818 2144 1134 2204 sacerdotes
1153 2145 1214 2203 &
1232 2147 1531 2226 episcopos
1553 2146 1841 2206 Romanae
1859 2147 1976 2206 Ec·-

233 2224 420 2284 clesiae
443 2223 602 2283 fuiffe
622 2245 789 2283 veros
806 2224 1092 2284 ministros
1108 2225 1170 2284 δε
1190 2226 1444 2307 pastores
1467 2225 1739 2287 Ecclefiae
1762 2228 1975 2290 Christi

234 2305 432 2385 quoad
477 2304 826 2365 essentialem
867 2323 1115 2386 partem,
1180 2308 1435 2386 alioquin
1483 2329 1600 2382 non
1663 2309 1977 2388 potuiffent

232 2388 345 2446 effe
380 2385 629 2466 subjecta
658 2403 816 2467 apta,
864 2388 921 2448 in
959 2389 1166 2468 quibus
1187 2389 1271 2448 vis
1298 2390 1418 2460 illa,
1462 2390 1525 2448 δε
1546 2390 1860 2450 authoritas
1883 2411 1972 2451 re·-

238 2468 460 2539 fideret,
527 2489 708 2548 neque
751 2468 918 2528 aliter
960 2489 1195 2550 capaces
1242 2469 1464 2530 fuiffent
1517 2471 1610 2531 vel
1663 2472 1973 2552 recipiendi

236 2549 401 2609 illam
451 2551 819 2630 potestatem,
886 2551 982 2610 vel
1033 2552 1107 2609 ad
1153 2552 1488 2611 succeffores
1536 2553 1972 2615 transmittendi.

238 2631 473 2702 Tertio,
517 2632 863 2712 sequeretur,
908 2632 1228 2693 sacerdotes
1273 2633 1334 2692 ὅτ
1363 2634 1652 2714 episcopos
1690 2635 1978 2698 Romanae

239 2712 515 2772 Ecclesiae
544 2714 730 2773 adhuc
773 2712 1000 2774 realiter
1048 2715 1158 2774 effe
1193 2735 1358 2774 veros
1400 2715 1653 2795 pastores
1681 2715 1743 2775 &
1769 2716 1976 2778 dosto-
2042 2723 2053 2754 ³
2084 2724 2086 2770 ὲ

239 2814 363 2853 res:
431 2794 473 2852 fi
521 2795 675 2854 enim
720 2795 972 2874 pastores
1012 2796 1396 2856 Protestantes
1433 2797 1576 2857 nihil
1614 2798 1978 2864 authoritatis
2084 2806 2086 2828 ¹

235 2874 506 2945 habeant,
553 2877 656 2936 nifi
695 2897 872 2956 quam
914 2878 990 2937 ab
1029 2877 1092 2937 iis
1122 2888 1475 2958 receperant,
1521 2879 1584 2938 ὅτ
1613 2882 1748 2939 cum
1771 2879 2001 2939 Εεςκῐ-4
2043 2886 2053 2945 {²
2084 2882 2086 2895 *

2048 2099 2066 2228 *wssww
2053 2070 2074 2087 ξ’
2069 2053 2074 2058 .
2071 2027 2074 2030 i
2051 1927 2071 1963 ‘⁴3-
2059 1883 2062 1889 “

2046 2237 2058 2325 mlxv„

241 2955 318 3016 fia
351 2958 621 3017 Romana
662 2958 863 3018 eadem
902 2957 992 3030 fit,
1038 2981 1172 3039 quae
1199 2980 1268 3018 eo
1298 2975 1564 3040 tempore
1590 2959 1721 3032 fuit,
1760 2959 1976 3026 doctri,
2046 2989 2054 2996 ·

236 3037 306 3095 na
349 3038 410 3096 &
447 3040 731 3114 moribUS,
771 3040 833 3098 &
861 3041 1122 3113 eandem,
1169 3062 1344 3121 quam
1379 3058 1517 3101 tunc
1555 3043 1823 3112 habebat,
1868 3040 1972 3100 ad-
2028 3055 2043 3092 ἵ

222 3116 348 3176 ‘huc
391 3120 603 3181 habeat
631 3115 1068 3195 audhoritatem,
1111 3124 1171 3182 δε
1200 3122 1241 3180 fi
1278 3123 1525 3204 potestas
1552 3123 1613 3183 in
1633 3123 1974 3209 successione

1749 3219 1970 3285 jaceat,
2083 3209 2086 3284 ξ

247 3357 282 3422 3*
310 3358 408 3424 ,in
423 3364 473 3410 S.
490 3365 539 3411 S·
554 3361 743 3429 Theolog.
761 3367 995 3421 Bostarem
1015 3365 1066 3421 Εἴ
1084 3366 1370 3435 Profqfforem
1386 3339 1727 3437 Franequeraese
1740 3338 1966 3436 predicat.
