2086 3640
187 61 308 133 458
395 56 776 129 THESIS
833 56 1279 119 DECIMA
1334 56 1765 139 QUINTA.

83 194 87 197 ·
175 168 316 246 fuit,
336 233 340 239 ,
346 167 490 242 ficut
532 164 707 224 lilium
747 166 886 244 agri,
932 165 1071 244 quod
1104 165 1259 224 hodie
1293 165 1386 241 est,
1454 167 1524 227 fs?
1564 187 1686 227 cras
1727 170 1784 227 in
1830 165 1928 228 cli-

171 249 388 308 'bunum
437 248 682 307 mittitur.
768 245 864 304 Illi
914 262 1107 322 autern
1150 243 1304 306 certe
1342 246 1554 307 Christi
1580 249 1757 308 verba
1783 247 1925 320 floc-

188 328 525 407 cipendunt,
572 325 760 405 quide
790 325 1040 387 vestibus
1069 327 1216 388 adeo
1241 326 1446 386 soliciti
1486 329 1636 405 sunt,
1679 329 1743 388 &
1769 330 1928 390 tanta

193 407 464 468 industria
506 423 767 479 utuntur,
812 423 881 466 ut
915 408 1092 468 semet
1131 409 1430 480 adornent,
1475 409 1538 468 &
1585 409 1730 469 adeo
1765 410 1931 475 enixe

187 489 250 548 se
282 489 622 568 justificant,
667 488 729 546 &
758 489 1095 562 irascuntur,
1140 491 1371 571 quando
1410 506 1719 570 propterea
1738 490 1934 550 redar'-

190 585 496 648 guuntur3
563 571 679 629 hoc
715 571 970 652 respectu
1020 571 1341 632 admodum
1389 571 1635 651 pofitive
1675 571 1954 652 loquitur*

192 651 433 722 PauluS,
488 673 510 711 1
551 650 713 711 Tim.
739 651 795 711 ii.
834 657 892 723 8,
938 673 998 730 9,
1054 674 1144 713 10.
1189 654 1447 713 Similiter
1491 653 1614 714 volo
1660 653 1732 714 δέ’
1773 653 1934 713 muli-

187 754 305 793 eres
345 735 401 791 in
442 733 631 807 habitu=
665 746 852 793 ornato
888 756 1004 794 cum
1045 735 1369 795 verecundia*
1418 735 1487 796 δέ)
1516 737 1800 814 sobrietate
1843 756 1932 794 or-

188 827 379 875 nantes
406 816 487 892 se,
535 815 606 876 &2⁹
634 836 735 876 non
769 818 824 874 in
851 819 1004 875 tortis
1034 818 1286 887 crinibus,
1333 831 1427 878 aut
1466 838 1623 888 aura,
1667 830 1763 877 aut
1783 837 1932 876 mar-

187 898 406 977 garitis,
450 895 545 954 vel
575 898 718 973 veste
746 899 1000 976 pretiosci,
1029 898 1146 976 sed,
1192 899 1329 980 quod
1360 900 1498 958 decet
1535 898 1778 958 mulieres
1804 914 1936 976 pro·-

191 982 453 1037 ‚mittentes
474 980 742 1059 pietatem,
777 995 884 1056 per
901 996 1062 1056 opera
1082 981 1233 1040 bona.
1317 979 1594 1041 Similiter
1609 979 1689 1040 ait
1710 981 1936 1051 PetruS,

203 1081 229 1120 1
270 1057 452 1139 Epist.
494 1080 618 1138 cap.
666 1060 742 1123 iii.
787 1080 906 1119 ver.
957 1081 1017 1137 3,
1061 1083 1119 1136 4.
1205 1062 1457 1142 Qarum
1485 1063 1684 1140 nonsit
1731 1058 1936 1120 extrinss

177 1141 331 1220 ficus
371 1140 720 1217 capillatura,
788 1154 882 1201 aut
919 1142 1241 1204 circundatio
1289 1149 1432 1215 auri,
1506 1155 1602 1202 aut
1648 1142 1940 1203 indumenti

193 1220 618 1298 vestimentorum
658 1223 829 1283 cultus
856 1243 875 1280 :
903 1224 1019 1301 secl,
1064 1226 1177 1284 &o
1261 1219 1390 1285 Htc
1416 1241 1657 1304 uterque
1679 1223 1941 1305 Aposto-

197 1304 287 1362 lus
324 1303 528 1362 diserte
577 1303 695 1362 duo
717 1305 1074 1383 exprimunt,
1123 1306 1280 1386 quod
1323 1306 1780 1366 Christianarum
1809 1324 1942 1363 mu-

193 1385 406 1447 lierum
425 1398 789 1444 ornamentum
811 1385 904 1459 (de
927 1386 1133 1464 quibus
1154 1386 1579 1475 particulariter
1598 1386 1937 1466 loquuntur,

197 1482 266 1524 ut
316 1464 547 1544 opinor,
594 1470 729 1544 quia
759 1465 856 1524 ille
896 1464 1054 1524 sexus
1091 1466 1161 1527 ad
1214 1467 1379 1527 istam
1405 1469 1720 1528 vanitatem
1759 1466 1946 1546 magis

184 1547 472 1627 “proclivis
507 1547 607 1616 est,
673 1547 734 1604 &
775 1545 934 1628 quod
983 1546 1212 1607 fortaffe
1252 1548 1364 1607 viri
1415 1567 1487 1607 eo
1538 1563 1804 1627 tempore
1845 1546 1948 1607 tali

199 1626 634 1707 reprehensione
657 1647 778 1687 non
815 1628 1092 1706 egebant)
1130 1642 1402 1689 externum
1429 1629 1538 1689 effe
1565 1649 1682 1688 non
1714 1627 1945 1699 debeat,

198 1729 384 1789 neque
440 1712 495 1768 in
541 1711 764 1785 vestium
802 1721 996 1769 ornatu
1034 1709 1352 1771 confistere.
1437 1709 1724 1781 Secundo,
1788 1708 1950 1789 quod

195 1790 532 1869 capillatura?
572 1791 634 1850 δε
670 1813 822 1862 auro,
866 1790 978 1849 ὅτε.
1024 1791 1098 1849 ad
1118 1807 1526 1853 ornamentum
1565 1789 1652 1852 uti
1699 1810 1819 1852 non
1845 1789 1946 1850 de-

200 1874 399 1943 beant,
443 1870 651 1952 quibus
706 1874 902 1933 ornari
949 1888 1086 1931 tunc
1131 1893 1258 1932 mos
1299 1873 1564 1954 gentium
1604 1888 1747 1934 erat.
1829 1870 1944 1933 Sed

201 1975 276 2013 an
317 1974 433 2013 non
455 1961 672 2012 mirum
716 1954 817 2025 est,
865 1952 1023 2033 quod
1060 1953 1118 2026 ii,
1165 1954 1265 2034 qui
1292 1955 1652 2035 Scripturam
1677 1953 1941 2035 regulam

201 2035 362 2095 suam
413 2035 521 2093 effe
550 2034 767 2106 dicunt,
815 2034 876 2093 &
915 2034 968 2092 se
1017 2036 1094 2095 ab
1134 2034 1200 2094 ea
1220 2035 1354 2094 duci
1396 2033 1787 2115 praetendunt‚
1830 2054 1949 2094 non

206 2115 389 2175 modo
432 2113 574 2174 adeo
603 2114 930 2195 frequenter
981 2114 1089 2175 fint
1128 2116 1185 2176 in
1224 2116 1471 2176 istorum
1512 2117 1634 2184 usu,
1677 2129 1949 2196 quaetam

205 2195 405 2276 aperte
432 2196 731 2275 Scriptura
751 2199 1118 2269 condemnat,
1164 2197 1258 2257 sed
1296 2196 1472 2257 etiam
1503 2196 1562 2256 in
1588 2195 1702 2256 istis
1743 2195 1799 2256 se
1847 2196 1948 2256 ad-

203 2279 319 2339 huc
358 2275 724 2355 justificent?
791 2279 934 2339 Non
963 2277 1154 2338 solum
1209 2278 1240 2336 a
1287 2278 1499 2339 talibus
1540 2276 1945 2339 abstinentiam

198 2358 362 2439 -quafi
423 2360 702 2419 virtutem
762 2360 1145 2420 Christianam
1188 2358 1566 2421 commendat
1602 2358 1950 2439 Apostolu3‚

203 2441 301 2501 sed
342 2440 504 2499 usum
549 2459 776 2512 eorum,
822 2441 979 2522 quast
1021 2440 1414 2522 illegitimum,
1461 2439 1824 2501 condemnat.
1871 2439 1955 2501 Et

208 2542 283 2583 an
320 2542 434 2582 non
465 2521 652 2581 adhuc
680 2523 865 2603 magis
888 2522 1101 2583 mirum
1130 2522 1316 2582 videri
1354 2522 1564 2605 potest,
1610 2521 1789 2602 quod,
1813 2541 1954 2582 con·-

211 2603 555 2673 tradic-entes
593 2603 1024 2683 Apostolorum
1069 2602 1374 2675 doetrinae,
1435 2603 1593 2684 quafi
1641 2603 1956 2664 statuifl'ent

212 2705 417 2745 eorum
469 2684 855 2746 testimonium
894 2685 1191 2765 negligere
1240 2685 1301 2745 &
1352 2684 1603 2764 rejicere,
1675 2705 1795 2757 e03,
1854 2685 1955 2765 qui

215 2767 573 2833 conscientiae
642 2767 802 2827 causa
861 2767 1004 2827 serio
1052 2765 1374 2828 doctrinam
1419 2767 1828 2847 Apostolicam
1874 2764 1957 2824 se-

213 2864 490 2928 quuntur,
537 2847 938 2920 condemnent,
983 2847 1141 2928 quafi
1183 2848 1263 2908 ita
1309 2846 1570 2908 faciendo
1619 2847 1955 2928 fingulareS,

214 2929 443 3010 superbi
471 2928 534 2986 &
554 2929 921 3009 superstitiofi
943 2929 1159 2990 effent?
1205 2929 1381 2990 Certe
1416 2930 1830 3011 deplorandam
1857 2928 1956 2988 de·

220 3028 387 3076 notat
422 3011 767 3090 apostasiam
805 3014 952 3071 inter
992 3011 1144 3082 illos,
1191 3010 1372 3090 quise
1412 3010 1763 3071 Christianos
1847 3030 1957 3070 1·ae-

217 3092 436 3163 dicant,
483 3092 646 3171 quod
675 3093 781 3151 illis
811 3093 1112 3173 tantopere
1138 3091 1481 3165 irascuntur,
1525 3091 1626 3172 qui
1655 3031 1867 3152 Chrigi
1892 3090 1960 3147 δι’

226 3173 662 3250 Apostolorum
703 3172 1225 3252 doctrinamrsequi
1263 3183 1483 3245 amant,
1525 3170 1866 3253 denegando
1891 3170 1955 3230 ὅτ

222 3252 531 3318 deserendo
571 3254 851 3333 perituras
889 3255 952 3316 δε
988 3255 1286 3316 mendaces
1332 3255 1503 3336 hujus
1533 3253 1706 3316 seculi
1734 3251 1955 3315 vanita-

587 3373 590 3378 -
1840 3348 1950 3405 tes»,
