2086 3640
772 64 873 165 De¹
901 103 1084 166 Cultu.
1682 130 1713 186 3
1727 130 1800 190 29

86 231 282 276 ,autem
331 212 491 281 illud,
556 211 712 291 quod
774 212 1086 271 revelatum
1137 208 1239 278 est,
1312 206 1406 266 sed
1443 206 1599 285 quod
1640 226 1804 269 antea

93 295 445 376 praeparavit
479 292 540 351 ὅτ
578 292 1003 372 praemeditatus
1041 289 1138 349 est.

177 377 503 451 DENIQJE,
549 372 660 431 hoc
697 371 1113 452 praedicationis
1161 388 1366 449 genere
1412 368 1653 448 Spiritus
1688 369 1811 428 san-

99 459 240 526 ctus,
306 455 403 535 qui
451 455 621 513 debet
654 453 976 534 praecipuus
1018 455 1079 512 δε
1118 449 1445 532 principalis
1500 449 1708 509 duitor
1750 450 1814 507 &

102 536 416 595 Instructor
454 535 560 594 effe
599 533 805 614 populi
847 534 977 603 Dei,
1043 533 1104 590 &
1141 530 1299 609 cujus
1338 530 1624 590 influentia
1667 531 1817 592 illud

103 618 204 687 est,
251 637 367 696 quo
408 616 684 675 duntaxat
724 614 906 673 omnis
946 612 1279 693 praedicatio
1317 611 1520 672 efficax
1541 612 1604 671 δε
1645 615 1818 673 bene-

100 697 298 755 ficialis
356 696 610 756 redditur
653 695 731 755 ad
764 694 1204 755 aedificationem
1235 693 1579 764 animarum,
1625 695 1821 753 exclu-

101 777 275 847 ditur,
321 777 382 835 &
421 775 690 837 naturalis
732 775 975 835 hominis
1016 774 1286 855 sapientia
1329 775 1391 831 &
1433 774 1678 833 eruditio
1719 796 1821 834 ex·-

103 858 336 927 altatur,
402 879 531 937 quae
574 856 804 937 (procul
853 856 1055 935 dubio)
1105 856 1250 915 inter
1286 853 1396 914 alia
1443 856 1733 935 praecipua
1760 858 1822 914 δε

106 958 317 1017 magna
357 941 517 998 causa
573 939 673 1008 est,
745 958 920 1017 quare
969 936 1303 1018 praedicatio
1345 936 1490 994 inter
1528 937 1828 1016 plerosque

108 1019 458 1079 Christianos
499 1018 639 1079 adeo
682 1017 1029 1078 infructifera
1071 1018 1131 1076 δε
1182 1017 1378 1075 sterilis
1428 1017 1550 1081 est3
1597 1018 1716 1075 imo
1742 1018 1826 1076 se—

109 1100 362 1159 cundum
413 1102 557 1160 hanc
596 1098 916 1160 doctrinam
975 1098 1235 1158 diabolus
1277 1095 1590 1176 praedicare
1632 1101 1826 1175 poffit,

110 1181 172 1238 δε
222 1180 402 1239 audiri
461 1181 651 1252 debet,
715 1182 850 1239 cum
893 1181 955 1239 &
995 1177 1251 1242 veritatis
1306 1177 1601 1236 notionem
1648 1179 1828 1251 norit,

111 1261 173 1319 &
210 1262 524 1321 eruditione
565 1262 625 1319 &
668 1260 991 1341 eloquentia
1041 1259 1185 1320 nulli
1228 1279 1431 1317 eorum
1489 1258 1833 1338 praedicato—

114 1362 244 1400 rum
286 1343 470 1401 cedat.
556 1342 668 1401 Sed
716 1342 854 1421 quid
901 1341 1134 1423 prodest
1182 1340 1344 1400 notio
1371 1337 1649 1411 veritatis,
1692 1338 1836 1419 ejus-

113 1443 222 1500 que
265 1443 398 1481 cum
450 1423 699 1483 maxima
742 1421 1077 1484 elocutionis
1117 1421 1451 1483 excellentia
1501 1421 1833 1494 declaratio,

117 1504 157 1560 s1
197 1503 557 1579 demonstratio
601 1507 670 1566 ὅς’
709 1509 885 1565 virtus
923 1505 1156 1584 Spiritzis
1197 1501 1359 1572 defit,
1405 1522 1533 1580 quae
1556 1502 1838 1563 conscien-

119 1585 258 1642 tiam
298 1602 559 1663 penetrat
580 1587 615 1644 ?¹
672 1586 971 1655 VidemuS,
1017 1585 1248 1664 quando
1283 1582 1586 1641 veritatem
1630 1584 1842 1644 confes—

118 1666 205 1722 sus
243 1666 320 1723 est
357 1666 641 1736 diaboluS,
688 1666 928 1742 rejecisse
971 1666 1263 1725 Christum
1295 1663 1684 1723 testimonium
1707 1665 1839 1743 erS.

117 1746 198 1803 Et
262 1746 402 1805 ficut
452 1745 738 1806 luculenta
786 1747 884 1806 illa
948 1747 1259 1826 Scripturae
1316 1744 1636 1804 testimonia
1706 1767 1842 1825 proa

126 1829 285 1897 bant,
350 1828 492 1885 hanc
533 1828 882 1907 praedicandi
931 1828 1273 1888 methodum
1317 1827 1528 1884 Christi
1569 1826 1846 1887 doctrinae

125 1908 469 1967 contrariam
539 1911 668 1980 effe,
743 1910 821 1968 ita
869 1910 1043 1968 etiam
1087 1910 1338 1988 probant
1403 1908 1546 1967 hanc
1594 1909 1849 1969 nostram

125 2005 254 2047 ante
290 1988 671 2068 significatam
715 1989 777 2048 iis
824 1991 1180 2050 conformem
1217 1990 1340 2047 esse.

209 2072 350 2129 XX.
398 2071 536 2129 SED
590 2067 632 2127 fi
688 2070 811 2150 quis
861 2074 1087 2152 objiciat,
1136 2068 1285 2130 hunc
1341 2070 1696 2150 praedicandi
1727 2092 1854 2130 mo-

126 2150 266 2209 dum
318 2149 514 2208 multis
563 2150 766 2210 utilem
822 2152 1002 2223 fuiffe,
1073 2152 1134 2211 &
1195 2151 1495 2230 plerosque
1545 2150 1855 2212 ministerio

127 2251 352 2301 eorum,
397 2231 494 2310 qui
523 2232 962 2310 praedicationes
992 2233 1379 2312 praemeditati
1421 2235 1567 2302 sunt,
1616 2254 1854 2292 conver-

129 2313 215 2371 sos
255 2313 316 2369 &
357 2312 674 2372 aedificatos
717 2312 892 2384 fuisse,
938 2315 1055 2372 imo
1105 2316 1165 2372 &
1209 2315 1487 2393 Spiritum
1538 2313 1649 2371 Dei
1695 2315 1856 2394 saepi-

134 2397 198 2453 us
236 2393 579 2452 concurriffe
620 2394 813 2454 divina
857 2395 1144 2454 influentia
1195 2395 1699 2475 praedicationibus
1750 2397 1860 2454 hoc

137 2474 316 2537 modo
356 2474 766 2554 praecogitatiS,
863 2477 941 2535 ita
1005 2492 1070 2535 ut
1112 2494 1376 2557 potenter
1424 2476 1479 2534 in
1527 2475 1860 2535 auditorum

133 2556 308 2614 corda
337 2556 766 2633 penetraverint
805 2557 878 2617 ad
909 2578 1110 2616 eorum
1132 2558 1458 2616 utilitatem.
1546 2557 1860 2634 Respondoe,

137 2636 271 2695 licet
320 2636 431 2694 hoc
479 2637 844 2710 concedatur,
892 2638 1048 2717 quod
1079 2638 1313 2696 minime
1360 2639 1686 2716 abnegabo,
1733 2638 1863 2696 ind&

141 2733 332 2775 tamen
388 2736 505 2774 non
541 2718 823 2796 sequetur,
886 2721 1089 2797 praxin
1141 2719 1303 2776 istam
1354 2717 1511 2776 fuiffe
1560 2718 1614 2775 in
1653 2719 1706 2777 se
1756 2721 1863 2779 bo-

138 2805 297 2867 nam,
350 2817 466 2855 non
509 2797 713 2875 magiS,
759 2799 959 2877 quam,
1008 2797 1140 2876 quia
1183 2798 1395 2856 Paulus
1427 2799 1773 2858 Damascum
1792 2801 1867 2860 ad

142 2875 557 2957 persequendos
604 2877 822 2936 sanctos
886 2878 994 2937 iter
1043 2878 1247 2938 faciens
1288 2879 1579 2939 Christum
1625 2881 1866 2941 obvium

143 2956 346 3018 habuit
381 2957 454 3016 ad
492 2956 697 3016 animae
737 2959 851 3017 suae
869 2959 1324 3029 conversionem,
1374 2959 1500 3018 ideo
1531 2962 1674 3020 bene
1697 2961 1867 3041 egisse

145 3037 293 3097 illud
330 3037 436 3096 iter
457 3036 851 3116 suscipiendo·,
894 3059 1075 3117 neque
1098 3040 1467 3118 particulares
1489 3042 1738 3102 actiones
1766 3063 1870 3102 nec

145 3119 390 3197 integrae
453 3118 924 3197 congregationes
988 3123 1077 3194 (ut
1125 3120 1287 3198 supra
1337 3121 1703 3182 observatum
1763 3124 1870 3203 est)

145 3198 451 3258 secundum
518 3201 671 3259 actus
716 3199 924 3259 divinae
967 3200 1439 3260 condescensionis
1478 3203 1867 3283 ponderandae

137 3280 293 3352 sunt,
339 3280 436 3360 qui
459 3279 814 3360 temporibus
844 3280 1182 3361 ignorantiae
1202 3282 1471 3344 connixit.
1556 3284 1867 3355 Praeterea,

1726 3366 1875 3447 saepc}
