2086 3640
235 115 349 174 268
518 111 989 175 THESIS
1067 114 1622 178 DECIMA.

231 215 289 274 in
327 213 437 273 una
488 214 725 294 persona
773 214 1088 274 coincidere
1123 234 1238 276 non
1285 217 1516 294 poffint,
1589 215 1732 277 ficut
1769 232 1943 279 etlam
2034 208 2037 222 ⁴

231 297 445 375 poffint
498 312 702 355 caetera
750 295 848 355 illa
884 294 1097 367 omnia,
1168 315 1418 375 quorum
1468 297 1816 357 mentionem
1861 299 1945 358 fa-

229 376 330 447 cit,
374 374 836 455 subsequentibus
856 375 1127 447 verfibu3‚
1191 376 1476 447 videlicet,
1522 375 1784 457 diligendi,
1812 380 1946 458 fra-

229 473 398 518 ternae
467 458 762 527 charitatis,
840 458 1042 536 Spiritu
1082 458 1344 538 fervoris,
1417 457 1487 519 &⁸
1544 457 1946 535 hospitalitatem

214 536 457 618 fiblandi
483 537 591 596 διε.
679 540 834 619 Qae
882 555 1073 599 tamen
1120 537 1276 617 quasl
1314 537 1528 598 diversa
1564 538 1713 598 dona
1749 559 1947 625 nume-

231 634 340 690 rat,
384 619 468 688 &,
531 618 837 678 secundum
878 620 1022 680 hanc
1058 619 1462 698 objectionem,
1509 617 1665 698 quasi
1686 617 1949 679 distincta

227 701 292 761 &
332 698 591 779 separata
637 700 828 760 officia
867 700 1045 760 locari
1087 702 1318 780 poffint,
1385 699 1542 778 quod
1573 698 1725 760 foret
1751 701 1947 760 absur-

231 780 391 839 dum.
475 780 756 852 Secundo,
818 781 880 841 iis
920 781 1050 862 ipfis
1083 781 1222 840 locis
1277 781 1474 860 liquet,
1543 800 1660 841 non
1686 780 1794 841 effe
1824 802 1944 841 rea-

235 862 353 920 lem
389 859 806 922 distinctionem
826 865 1218 942 separatorum
1257 861 1604 932 officiorum,
1649 860 1780 940 quia
1813 880 1942 922 om-

232 962 328 1001 nes
369 940 642 1013 fatentur,
710 943 969 1003 Pastores
1006 943 1069 1003 &
1107 943 1410 1013 Dostore3‚
1456 961 1601 1022 quos
1639 961 1756 1000 non
1796 943 1948 1002 secus

226 1023 455 1103 separat
500 1024 562 1082 ὅτ
597 1023 893 1103 distinguit
931 1024 1012 1085 ibi
1050 1023 1400 1104 Apostolu3‚
1464 1022 1641 1102 quam
1690 1022 1950 1083 Pastores·

228 1103 291 1162 &
345 1103 664 1184 Prophetas
707 1105 801 1165 vel
852 1104 1194 1185 Apostolos,
1239 1125 1416 1163 unum
1450 1103 1510 1162 &
1549 1103 1702 1162 idern
1726 1103 1858 1173 effe,
1887 1104 1952 1163 δε

230 1185 288 1243 in
328 1204 443 1244 uno
494 1184 687 1246 officio
736 1189 795 1249 ὅτ
832 1187 1068 1266 persona
1105 1185 1440 1254 coincidere‚
1494 1184 1555 1243 δι
1596 1183 1725 1243 ideo
1776 1183 1851 1242 fic
1878 1183 1949 1244 de

228 1265 451 1324 caeteris
492 1265 603 1325 dici
641 1267 844 1346 potest.
930 1267 1260 1346 Prophetia,
1307 1265 1448 1325 ficut
1493 1284 1686 1325 rerum
1726 1263 1948 1324 futura-

233 1365 366 1404 rum
409 1346 854 1407 declarationem
898 1347 1204 1427 fignificat,
1268 1346 1348 1405 est
1369 1345 1598 1425 quidem
1627 1344 1846 1404 donum
1869 1345 1956 1404 di-

231 1424 524 1496 stinctum,
583 1426 676 1485 sed
717 1448 832 1486 non
871 1428 1198 1487 distinctum
1245 1427 1525 1498 officium,
1589 1425 1781 1505 itaque
1835 1446 1953 1487 non

230 1522 458 1585 ponunt
492 1507 636 1568 hanc
677 1508 976 1568 adversarii
1017 1508 1162 1566 inter
1180 1506 1370 1565 varios
1398 1506 1522 1565 suos
1542 1505 1782 1575 ordines,
1854 1526 1952 1566 ne-

230 1606 344 1666 que
383 1589 679 1665 negabunt
732 1588 793 1645 &
840 1588 964 1647 dari
1004 1588 1158 1668 poffe
1194 1586 1254 1645 ὅτ
1297 1585 1493 1646 datam
1531 1584 1561 1642 a
1609 1584 1743 1645 Deo
1768 1585 1950 1659 fuiffe,

233 1687 349 1726 non
390 1667 574 1727 solum
614 1667 944 1729 Pastoribus
992 1669 1053 1729 δε
1094 1665 1474 1740 Dostoribus,
1518 1666 1582 1725 ὅτ
1609 1665 1954 1766 consequen-

234 1765 324 1805 ter
373 1748 454 1809 ibi
491 1769 623 1808 cum
663 1750 883 1809 caeteris
928 1749 991 1808 iis
1037 1749 1334 1808 ordinibus
1363 1747 1420 1807 in
1447 1747 1559 1808 una
1587 1746 1823 1826 persona
1852 1767 1952 1807 co·

234 1826 502 1901 incidiffe,
586 1830 682 1891 sed
723 1830 898 1890 etiam
940 1830 1279 1911 quibusdam
1328 1828 1510 1899 la'ici3‚
1592 1827 1811 1907 ibique,
1874 1828 1954 1889 se-

233 1909 485 1969 cundum
534 1913 948 1971 conceffionem
997 1932 1222 1982 eorum,
1289 1911 1578 1970 inventam
1619 1909 1728 1969 efl'e
1790 1923 1954 1970 extra
2044 1950 2057 1983 s

230 1990 374 2048 cleri
417 1990 640 2049 limites,
727 1991 1041 2071 Prophetia
1069 2010 1262 2052 autern
1299 1990 1414 2049 alio
1442 1990 1618 2060 sensu,
1661 1988 1949 2062 videlicet,

232 2070 379 2130 ficut
415 2071 697 2149 fignificat
737 2072 900 2150 loqui
935 2072 962 2129 a
1010 2072 1225 2151 Spiritu
1279 2070 1557 2140 veritatiS‚
1619 2090 1735 2130 non
1762 2070 1952 2130 solum
2044 2067 2058 2131 'f

233 2151 564 2212 Pastoribus
610 2153 671 2210 ὅτ
712 2151 1086 2223 Doctoribu3‚
1177 2151 1275 2232 qui
1322 2151 1400 2210 ita
1460 2150 1808 2230 prophetare
1852 2150 1952 2209 de-
2047 2199 2049 2201 .

231 2235 394 2303 beent,
439 2232 737 2311 peculiaris
757 2233 856 2303 est,
899 2234 995 2292 sed
1014 2232 1093 2292 est
1131 2251 1437 2293 commune
1476 2230 1802 2290 sanctorum
1831 2232 1952 2310 pri·
2049 2279 2051 2284 ,

229 2313 547 2393 vilegium:
612 2313 746 2373 licet
784 2314 934 2374 enirn
982 2313 1276 2383 instruere,
1320 2313 1525 2371 docere
1570 2312 1631 2370 ὅτ
1659 2312 1952 2371 exhortari

230 2393 439 2455 talibus
460 2394 762 2474 proprium
787 2393 875 2468 fit,
920 2395 1019 2475 qui
1055 2395 1238 2473 magis
1266 2391 1687 2473 particulariter
1706 2393 1780 2452 ad
1810 2413 1953 2471 opus

233 2474 523 2538 ministerii
562 2475 754 2534 vocati
782 2475 928 2547 sunt,
993 2495 1107 2535 non
1130 2490 1318 2536 tamen
1343 2473 1405 2537 iis
1427 2475 1503 2542 ita
1531 2471 1818 2552 peculiare
1845 2472 1948 2544 est,

233 2573 320 2627 ut,
395 2556 627 2635 quando
665 2555 835 2616 saneti
894 2555 1230 2636 congregati
1285 2555 1430 2626 sunt,
1495 2554 1557 2612 ὅτ
1604 2554 1728 2633 quis
1775 2573 1846 2614 ex
1887 2552 1952 2611 iis

230 2636 450 2717 Spiritu
472 2652 762 2709 movetur,
807 2658 922 2697 non
954 2636 1022 2696 sit
1060 2635 1126 2694 iis
1165 2655 1508 2695 commune:
1539 2633 1773 2714 quidam
1795 2632 1952 2701 enim

228 2719 389 2779 actus
435 2718 506 2777 ad
554 2737 752 2777 omnes
788 2718 845 2776 in
887 2717 990 2776 tali
1038 2716 1309 2776 relatione
1358 2715 1663 2795 pertinent,
1728 2713 1953 2774 sednon

231 2800 299 2860 iis
337 2797 546 2869 solum,
590 2797 690 2878 qui
705 2798 763 2856 in
782 2798 881 2858 ista
905 2798 1180 2858 relatione
1214 2798 1383 2864 sunt·‚
1456 2808 1744 2874 competunt
1789 2798 1948 2863 omni,

217 2879 318 2957 scd
359 2899 459 2939 non
494 2878 599 2957 soli
619 2903 637 2945 ;
730 2878 806 2938 fic
860 2879 1052 2938 videre
1096 2878 1156 2936 ὅτ
1192 2878 1385 2937 audire
1439 2875 1660 2956 proprii
1708 2874 1952 2935 hominis

231 2962 391 3019 actus
431 2960 579 3029 sunt,
642 2958 774 3037 quia
823 2959 895 3017 de
938 2958 1169 3018 homine
1199 2958 1350 3019 recte
1379 2956 1747 3038 praedicatur,
1791 2953 1951 3033 quod

232 3041 388 3098 videt
427 3040 488 3098 &
525 3039 700 3108 audit,
766 3056 958 3099 tamen
987 3039 1110 3098 aliis
1157 3039 1330 3098 etiam
1380 3036 1652 3098 creaturis
1690 3052 1950 3097 commu·

232 3120 326 3178 nia
376 3121 518 3179 sunt.
602 3119 693 3178 Sic
731 3121 1099 3199 prophetare,
1166 3121 1277 3181 hoc
1323 3117 1497 3188 sensu,
1561 3116 1642 3176 est
1686 3111 1947 3191 equidem

234 3199 538 3279 proprium
583 3199 850 3259 ministris
899 3202 961 3259 δε
1009 3199 1362 3269 doctoribus,
1445 3217 1561 3259 non
1616 3194 1695 3254 ita
1753 3209 1951 3254 tamen

230 3280 300 3340 ut
324 3298 440 3338 non
462 3278 532 3339 fit
559 3299 863 3342 commune
882 3280 1290 3361 &legitimum
1311 3278 1434 3341 aliis
1459 3275 1677 3352 faustis,
1720 3271 1950 3412 quandpl

1873 3371 1905 3411 a
