2086 3640
272 36 395 114 386
503 32 916 99 THESJS
993 33 1459 100 DECIMA
1494 35 1916 105 TERTIA.-

273 140 628 206 'certitudinis
668 139 1094 223 expedtandum
1148 142 1248 206 est,
1335 142 1549 203 Multis
1595 143 1680 203 ufi
1723 146 1854 208 sunt
1873 147 2000 228 ples

276 226 437 307 rique
482 223 786 286 conatibus
843 222 922 283 ad
990 221 1514 283 reconciliationem
1571 224 1680 284 hac
1717 224 1774 287 in
1813 249 1874 288 re
1917 230 1998 290 in-

271 306 636 376 veniendam,
706 319 831 365 tam
886 302 1034 375 inter
1087 302 1425 366 Pontificios
1490 304 1555 364 δε
1608 306 1998 381 Lutheranos,

270 387 450 468 qu'am
491 386 641 447 inter
683 385 1051 446 Lutheranos
1096 385 1159 445 &
1208 384 1568 457 Calvinistas,
1612 386 1708 446 sed
1752 387 2000 449 frustra:

272 468 338 526 δε
378 466 585 528 multae
629 464 906 527 formulae
960 465 1024 524 ὅτ
1092 464 1447 548 exprimendi
1504 465 1648 527 varii
1697 467 1861 529 modi
1906 492 2008 531 ex-

270 548 447 609 hibiti
486 547 638 621 sunt,
703 547 912 629 quibus
952 565 1149 607 omnes
1184 546 1498 607 concedere
1544 549 1782 628 possint,
1846 551 2010 630 quod

272 626 334 690 in
368 628 589 690 summa
625 646 842 690 vanum
869 643 1267 688 commentum
1287 627 1369 689 est
1395 652 1415 695 ;
1458 629 1832 710 unusquisque
1851 632 2007 692 enim

272 730 378 771 eos
416 710 701 772 intellexit
731 709 795 771 &
830 709 1233 790 interpretatus
1278 708 1360 769 est
1406 707 1717 770 secundum
1744 711 2011 774 sententi-

271 810 372 853 am
417 793 744 873 propriam,
787 790 852 851 δε
897 789 976 851 fic
1020 792 1440 871 aequivocantes
1489 788 1599 852 fibi
1648 789 1896 854 invicem
1938 793 2007 854 il-

274 871 579 945 ludebant,
641 872 851 952 aliique
899 871 1042 933 alios
1099 871 1482 953 decipiebant.
1565 869 1764 950 Hujus
1810 891 2007 935 autern

272 954 465 1014 omnis
513 952 890 1014 contentionis
913 952 1077 1015 ratio
1116 952 1219 1025 est,
1264 951 1399 1034 quia
1439 950 1593 1014 clara
1640 951 1703 1012 δι
1748 953 2011 1015 distincta

275 1034 444 1115 hujus
480 1033 735 1117 mysterii
755 1032 1131 1114 intelligentia
1169 1036 1460 1105 carebant,
1524 1033 1587 1094 &t
1607 1034 1759 1096 circa
1774 1037 2012 1098 umbras

273 1117 342 1176 &
386 1136 476 1180 res
521 1131 783 1178 externas
830 1115 1171 1176 delirabant.
1256 1115 1418 1177 Nam
1468 1114 1529 1174 ὅτ,
1566 1112 2014 1180 fundamentum

275 1197 341 1257 δε
381 1197 623 1258 materia
674 1196 1113 1258 altercationum
1162 1216 1360 1256 earum
1417 1194 1528 1256 stat
1566 1196 1624 1256 in
1662 1196 1833 1257 rebus
1871 1219 2013 1260 exo-

277 1278 406 1339 ticis
444 1279 478 1338 a
536 1276 843 1339 substantia
884 1275 1042 1337 &in
1089 1275 1143 1340 se
1183 1279 1395 1358 partim
1416 1276 1770 1347 neceffariis3
1813 1277 1875 1338 &
1903 1281 2017 1342 hoc

278 1357 390 1419 fuit
435 1359 585 1439 saepe
634 1357 843 1418 satanae
892 1357 1264 1438 stratagema,
1309 1357 1562 1418 solicitos
1599 1359 1663 1419 ὅτ,
1701 1378 2019 1441 occupatos

281 1437 541 1500 homines
595 1437 846 1499 detinere
886 1438 944 1498 in
991 1437 1240 1499 externis
1287 1435 1479 1517 lignis,
1522 1439 1746 1501 umbris
1791 1441 1856 1502 &
1896 1442 2017 1504 for-

281 1521 415 1592 mis,
459 1520 532 1579 de
572 1518 782 1580 talibus
827 1538 923 1578 eos
971 1518 1318 1578 contendere
1375 1538 1720 1598 provocanS‚
1765 1521 1910 1582 dum
1932 1525 2020 1583 in·

280 1601 434 1662 terea
465 1600 767 1680 substantia
797 1597 1133 1680 negligitur,
1178 1596 1242 1656 δε
1280 1603 1391 1678 pro
1412 1597 1480 1657 iis
1534 1600 1758 1662 umbris
1784 1620 2020 1665 conten-

278 1684 483 1745 dentes
521 1681 756 1762 impulit
786 1701 882 1742 eos
937 1679 1012 1740 ad
1049 1678 1757 1750 malitiam‚.iracundiam
1796 1682 1860 1743 &
1893 1685 2022 1746 vin-

278 1765 521 1835 dictam,
566 1763 789 1844 aliaque
835 1759 999 1833 vitia,
1043 1781 1162 1852 quo
1183 1762 1553 1822 tenebrarum
1580 1761 1744 1823 suurn
1775 1781 2045 1846 regnum'

283 1846 343 1907 in
385 1844 654 1906 cordibus
692 1863 899 1906 eorum
936 1843 1207 1915 stabiliat,
1266 1841 1331 1902 ὅτ
1372 1841 1811 1906 Christianitatis
1835 1846 2022 1910 vitam

280 1925 512 1987 diruat:
576 1926 709 2007 plus
725 1924 877 1986 enim
899 1922 1272 1984 animofitatis
1296 1923 1359 1984 δι
1380 1924 1770 1988 contentionis
1806 1926 1879 1988 de
1907 1927 2022 1990 hoc

281 2018 402 2068 uno
445 2005 574 2076 fuit,
617 2005 681 2064 ὅτ
722 2004 1005 2085 sanguinis
1053 2003 1243 2084 major
1275 2003 1502 2078 effusio,
1582 2026 1762 2086 quam
1792 2007 1865 2068 de
1894 2010 2020 2070 ullo

281 2088 420 2150 alio,
503 2085 586 2146 Et
627 2085 861 2166 quidem
911 2084 1361 2146 Protestantium
1408 2105 1498 2145 res
1539 2087 1725 2167 gestas
1764 2088 2025 2152 maxim&

287 2169 584 2251 ignorant,
628 2166 728 2247 qui
767 2164 1020 2228 nesciunt
1067 2165 1178 2226 hoc
1221 2164 1589 2245 perniciosius
1635 2166 1798 2229 fuiffe
1837 2169 2023 2232 refor-

287 2249 551 2320 mationi,
594 2266 770 2330 quam
818 2246 1006 2307 omnis
1044 2267 1125 2328 op
1170 2246 1361 2318 ositio,
1425 2246 1604 2327 quam
1648 2247 1679 2306 ἃ
1725 2251 2024 2314 communi

289 2329 611 2393 adversario
649 2327 1046 2389 sustinuerunt.
1159 2343 1373 2388 ncertae
1427 2344 1623 2390 autem
1657 2347 1860 2391 omnes
1903 2332 2028 2395 illae
2076 2359 2078 2361 ¹

290 2410 354 2471 δι
402 2411 662 2474 absurdae
698 2409 996 2491 opiniones
1043 2428 1111 2469 ac
1158 2407 1590 2490 disceptationes
1619 2408 1750 2471 inde
1777 2407 2026 2476 orientes
2071 2411 2086 2484 ἓ

291 2492 427 2554 hinc
481 2491 891 2574 processerunt,
935 2489 1097 2570 quod
1133 2509 1334 2553 ornnes
1381 2490 1788 2553 concordarint
1828 2492 1887 2555 in
1915 2493 2020 2556 du·
2070 2511 2086 2551 ,3

291 2575 441 2636 obus
479 2573 769 2633 erroribus
796 2569 870 2633 de
908 2572 1017 2631 hac
1071 2590 1150 2632 re.
1233 2570 1468 2712 Qubus
1506 2571 1799 2654 denegatis
1832 2573 1895 2634 δε
1933 2595 2019 2636 re·
2054 2589 2086 2632 -i

292 2652 491 2726 motis,
534 2652 677 2715 ficut
715 2655 794 2715 ab
839 2651 1038 2715 amicis
1065 2651 1269 2713 nostris
1318 2668 1441 2724 unt,
1507 2653 1688 2715 facilis
1714 2654 1788 2715 ad
1817 2675 2020 2717 recon-
2068 2654 2086 2716 ἓ

293 2731 643 2798 ciliationem
687 2734 782 2795 via
828 2732 1170 2816 aperiretur,
1232 2734 1544 2827 omnesque
1591 2735 2026 2798 conveniremus
2068 2735 2086 2812 ᾧ

295 2817 354 2879 in
398 2815 510 2876 una
543 2813 854 2896 eademque
893 2813 1030 2874 vera
1059 2813 1123 2875 &
1146 2813 1427 2896 spirituali
1452 2815 1830 2897 intelligentia
1858 2817 2023 2898 hujus
2070 2825 2086 2910 1

296 2897 594 2979 mysterii·‚
657 2896 720 2957 &
749 2897 863 2958 hoc
898 2895 1080 2959 modo
1126 2916 1245 2956 non
1278 2895 1468 2957 solum
1514 2896 1870 2959 velitationem
1926 2898 2024 2959 sed
2064 2917 2086 2971 ’9,

294 2979 471 3041 etiam
507 2977 905 3050 absurditates,
966 2998 1040 3039 ex
1079 2977 1252 3058 supra
1291 2976 1478 3037 dietis.
1501 2977 1867 3059 opinionibus
1901 2979 2019 3039 ori·
2070 2983 2086 3050 ’ἦ

297 3077 475 3132 entes,
525 3058 799 3120 ceffarent
842 3058 907 3119 ὅτ
934 3058 1220 3120 caderent.
1307 3058 1528 3120 Primus
1547 3080 1701 3122 error
1716 3058 1819 3131 est,
1861 3058 2023 3138 quod
2070 3079 2086 3119 n

300 3140 769 3202 communionem
805 3139 869 3201 &
902 3138 1405 3222 participationem
1427 3140 1709 3222 corporis,
1749 3141 1931 3200 carnis
1958 3141 2024 3200 δε
2069 3142 2079 3195 l

301 3219 582 3301 sanguinis
615 3221 828 3288 Christi
855 3219 1104 3287 referant
1161 3220 1239 3285 ad
1281 3234 1586 3287 externum
1631 3218 1777 3285 illud
1807 3239 2025 3301 corpus
2062 3296 2066 3319 k

1918 3317 2028 3364 aut
