2086 3640
286 119 408 174 404
490 89 904 162 THESJS
954 101 1434 162 DECIMA
1484 99 1930 165 TERTIA.

286 231 390 269 nec
439 207 625 283 major
674 205 894 265 mentio
941 204 1093 269 fasta
1132 207 1257 268 est:
1315 204 1449 276 Sed,
1497 205 1539 263 fi
1583 212 1870 269 ceremonia
1917 210 2021 271 illa

283 290 468 350 fuiffet
492 288 706 365 solenne
744 286 994 367 quiddam
1018 287 1362 366 sacrificium,
1407 300 1474 345 ut
1499 285 1735 365 quidam
1771 291 1880 350 effe
1905 312 2014 351 vo-

285 370 432 439 lunt,
493 368 585 427 vel
608 367 841 447 speciale
875 367 937 426 &c
967 372 1294 448 praecipuum
1324 370 1746 440 Sacramentum,
1788 386 1858 430 ut
1891 372 2016 431 aliis

282 453 499 531 placet,
566 450 779 510 mirum
821 447 1073 521 videtur,
1139 450 1300 511 illam
1338 447 1655 520 historiam,
1714 450 1825 529 qua
1873 452 2018 512 adeo

281 529 644 611 particularis
693 529 977 590 enarratio
1018 551 1213 591 rerum
1255 529 1703 591 Christianarum
1747 530 2016 604 traditur,

284 612 340 671 in
372 611 477 670 hac
526 631 587 670 re
624 611 747 670 tam
790 611 906 671 alte
952 610 1171 673 filuiffe.
1255 610 1645 673 Solummodo
1674 611 2016 684 invenimuS,

281 693 440 772 quod
502 692 812 772 aliquando
852 695 1267 756 conveniebant
1322 693 1399 753 ad
1425 691 1788 772 frangendum
1819 710 2021 771 panem

283 774 354 834 {9⁹
396 773 771 834 comedendum.
815 773 975 834 Sicut
1003 790 1203 834 autem
1226 773 1531 836 Christiani
1553 791 1856 853 coeperunt
1876 796 2014 856 gra-

280 853 465 914 datim
518 854 779 914 recedere
838 857 874 914 ιὶ
915 857 1210 934 primitiva
1241 858 1483 937 puritate
1538 853 1609 915 &²
1642 855 2007 932 simplicitate,

280 936 343 993 δε
403 937 766 996 accumulare
815 938 1193 1014 superstitiosas
1261 937 1590 1005 traditiones,
1656 935 1720 994 ὅτ.
1762 940 2018 1017 majorum

279 1021 567 1077 innocentes
605 1021 829 1077 atliones
865 1018 1087 1088 vitiare,
1134 1019 1191 1078 in
1220 1018 1331 1079 illis
1359 1017 1731 1079 immiscendo
1760 1019 2019 1094 Judaicos

278 1097 341 1156 &
389 1101 610 1158 ethnicos
650 1102 806 1169 ritus,
881 1097 959 1158 ita
1007 1099 1180 1160 etiam
1238 1100 1296 1158 in
1364 1101 1516 1181 hujus
1572 1102 1868 1160 ceremonioe
1922 1099 2016 1180 usic

279 1196 586 1260 coeperunt
625 1179 743 1239 cito
783 1179 987 1239 abusus
1034 1180 1284 1260 irrepere
1324 1181 1470 1240 inter
1516 1178 1890 1252 ChristianOS,
1936 1182 2015 1243 ita

278 1275 347 1321 ut
391 1261 605 1321 neceffe
646 1259 819 1320 fuerit
847 1260 1034 1321 Paulo
1057 1262 1354 1342 Apostolo
1381 1263 1451 1320 de
1494 1260 1605 1319 istis
1634 1281 1868 1322 monere
1889 1283 2009 1336 e03,

276 1342 338 1399 δε
379 1341 745 1421 redarguere,
789 1357 856 1400 ut
890 1341 1006 1404 fuse
1049 1344 1173 1422 agit
1218 1342 1291 1402 ad
1347 1365 1370 1404 1
1402 1344 1540 1402 Cor.
1578 1340 1656 1400 xi.
1699 1341 1731 1400 a
1761 1363 1881 1402 ver.
1914 1362 2007 1421 17.
2060 1352 2075 1396 ι

277 1422 352 1480 ad
402 1422 581 1480 finem
632 1422 824 1500 usque,
863 1442 1059 1500 quem
1099 1423 1298 1482 locum
1340 1421 1761 1502 particulariter
1796 1424 2013 1484 exami-

276 1500 450 1572 na'b0,
497 1500 632 1581 quia
670 1501 802 1560 huic
838 1501 1292 1561 adversariorum
1339 1502 1699 1581 probationis
1745 1503 1830 1563 vis
1868 1505 2014 1565 inni-

275 1585 437 1654 titur,
485 1593 545 1647 &
580 1582 901 1643 videbimus
948 1603 1089 1641 num
1132 1582 1284 1662 PIUS,
1328 1581 1505 1662 quam
1542 1581 1702 1661 quod
1726 1581 1851 1660 jam
1877 1605 2013 1646 con-

275 1666 487 1725 cefl‘um
541 1663 645 1735 est,
717 1663 938 1723 inferat.
1024 1662 1250 1732 Primo,
1322 1662 1455 1742 quia
1499 1667 1623 1742 apti
1660 1679 1824 1723 erant
1868 1663 2016 1726 hanc

275 1745 663 1807 ceremoniam
721 1745 914 1804 animo
962 1743 1348 1825 superstitioso
1387 1743 1544 1804 ultra
1606 1763 1810 1804 verum
1848 1746 2012 1807 usum

272 1827 598 1897 extendere,
643 1825 783 1886 dicit
811 1827 894 1898 iis,
940 1846 1059 1885 ver.
1107 1844 1203 1886 20.
1247 1824 1426 1906 quod,
1471 1827 1609 1886 cum
1637 1828 2015 1890 conveniebant

273 1913 330 1971 in
371 1929 551 1979 unum,
597 1910 691 1967 hoc
731 1928 832 1967 non
877 1920 996 1967 erat
1022 1907 1346 1968 manducare
1379 1927 1576 1968 coenam
1603 1906 1851 1980 Domini,
1895 1930 2013 1970 non
2067 1935 2071 1961 s

271 1991 373 2060 ait,
421 1990 579 2071 quod
611 1991 704 2048 hoc
728 2009 829 2048 non
859 2001 977 2047 erat
1012 1989 1164 2049 recte
1192 1990 1516 2050 manducare
1549 2009 1746 2051 coenam
1765 1991 2010 2064 Domini,

271 2071 367 2131 sed
407 2069 567 2151 quod
617 2071 708 2128 hoc
745 2090 862 2129 non
923 2084 1047 2128 erat
1109 2070 1454 2131 manducare
1499 2091 1702 2131 caenam
1741 2071 1965 2133 Domini
1989 2096 2011 2133 .·
2060 2130 2071 2147 ‚

270 2151 488 2234 quippe
528 2172 670 2212 coena
709 2152 930 2212 Domini
967 2150 1270 2228 spiritualis
1309 2151 1413 2222 est,
1457 2150 1520 2209 &
1555 2153 1866 2232 mysterium.
1910 2154 2010 2213 Se·
2082 2197 2086 2228 ÷

271 2233 484 2304 cundo,
538 2231 835 2312 redarguit
873 2251 990 2302 eOS,
1057 2231 1216 2311 quod
1254 2252 1371 2292 non
1414 2231 1471 2291 in
1509 2232 1735 2304 meliu8,
1805 2233 1902 2293 sed
1950 2236 2009 2297 in
2054 2253 2086 2306 -j

268 2313 514 2376 deterius
558 2312 993 2381 conveniebant,
1040 2311 1198 2388 cujus
1227 2313 1373 2372 hanc
1414 2313 1519 2373 dat
1547 2313 1852 2385 rationem,
1882 2336 2003 2377 ver.
2084 2315 2086 2327 ‘

272 2417 367 2456 21.
416 2395 747 2474 unusquisque
792 2396 927 2453 enim
960 2396 1118 2472 suam
1164 2415 1360 2454 caenam
1404 2395 1680 2473 praeficmit
1734 2396 1812 2456 ad
1853 2419 2007 2458 man-

268 2477 585 2546 ducandum,
633 2475 701 2536 ΕΒ
745 2475 888 2535 alius
937 2475 1145 2554 quidem
1187 2477 1366 2555 efitrit,
1455 2477 1596 2537 alius
1653 2479 1788 2537 verb
1831 2479 2008 2540 ebrius

263 2562 353 2636 est.
440 2558 568 2618 Hic
609 2571 769 2636 patet
809 2557 1191 2616 condemnare
1239 2577 1334 2617 eos
1385 2557 1766 2636 Apostolum,
1838 2561 1998 2638 quia,

267 2643 401 2701 cum
452 2639 702 2698 solerent
754 2636 1059 2698 Christiani
1099 2637 1404 2719 aliquando
1434 2638 1603 2699 simul
1653 2657 1886 2700 coenare
1925 2641 2004 2701 ad

262 2724 458 2782 amoris
475 2719 864 2789 incrementum,
909 2717 972 2775 &
990 2718 1066 2777 ad
1086 2723 1613 2791 commemorationem
1628 2742 1779 2781 coenoe
1799 2720 2004 2799 Christi

262 2825 380 2864 cum
409 2800 686 2880 discipalis,
731 2800 817 2859 illi
859 2800 992 2859 hoc·
1018 2799 1162 2860 adeo
1183 2801 1547 2874 vitiaverant,
1592 2818 1660 2863 ut
1704 2803 1999 2883 unusquis*-

262 2903 376 2963 que
407 2904 510 2964 per
557 2883 611 2942 se
658 2882 817 2962 prius
866 2880 1317 2953 manducaverit,
1377 2883 1440 2942 ὅτ
1481 2883 1557 2944 fic
1593 2883 1760 2955 ebrii,
1805 2883 1903 2963 qui
1937 2895 1998 2944 ai·

262 2966 619 3032 bundabant,
689 2963 751 3021 &
788 2961 1108 3035 esurientes,
1179 2964 1278 3044 qui
1340 2965 1539 3045 inopes
1582 2980 1766 3035 erant,
1826 2962 1993 3023 simul

260 3044 692 3104 conveniebant.
777 3043 1009 3126 Qibus
1049 3044 1317 3105 abusibus
1372 3045 1538 3125 hujus
1585 3043 1822 3106 actionis
1861 3041 1991 3101 usus

258 3126 513 3203 perditus
563 3136 622 3190 at
681 3124 976 3204 perversus
1016 3142 1159 3197 erat,
1230 3125 1473 3207 ideoque
1523 3123 1818 3206 redarguit
1869 3142 1987 3194 eos,

258 3205 420 3281 quod
464 3206 557 3265 vel
605 3225 722 3266 non
752 3205 922 3265 fimul
966 3205 1131 3266 dorni
1168 3208 1498 3280 comedant,
1541 3208 1636 3268 vel
1673 3204 1837 3266 edere
1873 3202 1987 3262 dif-

257 3283 464 3358 ferant,
507 3286 693 3350 donec
731 3307 931 3351 omnes
966 3286 1135 3351 fimul
1183 3289 1524 3353 conveniant
1559 3287 1639 3350 ad
1685 3281 1985 3368 publicam

1725 3382 1973 3426 conven-
