2086 3640
828 57 922 119 De
961 57 1144 119 Cultu.
1713 86 1834 150 339

158 193 215 252 3.
261 170 336 230 N
353 171 415 232 U
438 173 528 233 M
561 170 918 252 unusquisque,
963 175 1054 251 qui
1088 169 1285 230 dicitur
1333 169 1690 247 Christianus,
1737 163 1840 236 vel

0 302 1 305 η
66 256 356 334 profitetur
389 258 450 333 se
509 253 602 332 ⁶ffi'
649 255 1054 330 Protestantem‚
1120 251 1283 312 talem
1333 255 1690 314 continuatam
1754 259 1825 318 ὃ

75 338 390 413 constantem
422 333 656 414 Spiritus
683 334 975 410 mensuram
1017 333 1194 404 habet,
1241 347 1302 393 ut
1321 333 1546 415 quolibet
1571 349 1822 414 tempore,

55 419 181 496 stne
214 416 543 487 attendendo,
573 416 766 492 statim
806 414 882 473 ad
913 415 1113 475 cultum
1148 417 1208 492 se
1229 416 1500 494 applicare
1510 417 1663 494 poffit
1682 418 1714 475 ‚P

156 521 215 574 4.
258 500 299 557 S
321 499 364 557 I
405 501 612 558 animus
651 494 936 576 aliquando
965 497 1082 570 fiat
1119 497 1439 575 indisposttus
1488 499 1557 559 [9⁹
1616 503 1822 578 ineptus

74 580 154 641 ad
196 601 262 639 ea
319 579 491 658 officia
537 576 873 657 praestanda,
923 577 1123 654 saltem
1170 580 1344 657 quoad
1362 581 1700 657 spiritualem
1749 581 1824 642 δέ)

72 665 322 722 vivacem
345 662 758 740 praestationem,
789 678 917 718 num
952 661 1009 718 in
1050 660 1145 719 hoc
1191 660 1309 740 casu
1350 662 1421 722 ξε)
1463 663 1556 721 boc
1595 676 1826 742 tempore
1869 686 1875 694 ·

34 793 39 798 e
67 743 328 821 prestari
354 742 538 804 debeat
577 741 746 801 cultus
773 738 806 797 ἕ

157 842 213 898 5.
259 825 298 881 S
327 825 370 882 I
397 823 612 904 aliquod
651 821 873 900 officium
911 834 1212 904 peragatur
1253 821 1355 901 sub
1388 827 1656 900 proeffextu
1702 825 1819 885 obe-

78 905 293 965 dientiae
335 919 547 966 externo
575 917 840 983 praecepto
874 905 1059 982 absque
1088 902 1369 982 spirituali
1413 906 1538 965 vitei
1584 906 1653 966 &⁹
1683 917 1825 966 motu

69 987 370 1065 neceffario‚
415 1009 541 1048 num
585 989 644 1046 in
669 985 786 1060 fide
804 988 1074 1062 expettari
1090 986 1242 1062 poffit
1270 986 1509 1061 officium,
1556 987 1649 1044 boc
1675 987 1822 1046 modo

63 1074 372 1146 perustum,
415 1069 533 1130 Deo
563 1079 825 1145 acceptum
851 1068 998 1144 fore,
1049 1067 1118 1126 δέ
1141 1087 1309 1126 nonne
1320 1071 1495 1143 potius
1524 1067 1826 1128 babendum

68 1151 145 1226 est
185 1152 336 1229 quast
364 1152 638 1230 peregrini
676 1151 808 1228 ignis
836 1167 1013 1206 coram
1040 1149 1270 1207 Domino
1311 1148 1526 1218 oblatio,
1573 1151 1690 1207 cum
1718 1148 1829 1224 (ad

58 1232 573 1310 praestantiffimum)
602 1229 942 1290 naturalibus
969 1229 1038 1289 &
1074 1232 1336 1309 acquisttis
1372 1231 1582 1289 viribus
1600 1232 1819 1306 praeste-

67 1325 183 1382 tur,
231 1312 302 1372 &
344 1333 447 1372 non
483 1317 689 1372 virtute
717 1312 788 1374 ὼ)
838 1310 1123 1387 affistentid
1163 1311 1338 1371 divini
1376 1313 1413 1369 S
1405 1310 1626 1389 pintus,
1669 1333 1821 1391 quem

55 1394 338 1474 figuravit
373 1396 504 1474 ignis
545 1394 608 1454 de
634 1391 754 1453 coelo
791 1392 1106 1471 descendens,
1172 1415 1268 1474 quo
1301 1393 1435 1471 solo,
1484 1394 1551 1455 &³
1580 1413 1684 1452 non
1712 1394 1821 1454 alio

63 1476 346 1553 oportebat
376 1477 655 1551 sacrificia
688 1476 910 1553 consumi
937 1475 967 1531 ?
1236 1513 1241 1516 -

156 1557 211 1614 6.
257 1555 332 1615 N
342 1559 403 1616 U
415 1559 506 1616 M
540 1580 603 1617 ea
639 1556 830 1633 officia,
885 1577 999 1635 quae
1034 1556 1369 1634 praestantur
1410 1559 1564 1616 meris
1603 1556 1816 1616 viribus

69 1637 420 1697 naturali-bus
465 1637 536 1698 &¹
573 1639 832 1718 acquzsttis
860 1637 1106 1695 naturali
1145 1637 1430 1713 industria,
1478 1641 1646 1697 minus
1694 1658 1819 1697 rea·-

65 1718 194 1795 liter
210 1720 327 1797 fint
355 1722 524 1799 imago
560 1720 810 1778 bumana’
840 1720 1176 1788 inventionis,
1222 1720 1382 1798 quam
1423 1719 1594 1779 cultus
1623 1720 1815 1778 Ponti-

51 1800 216 1875 ficius
263 1799 417 1875 (licet
453 1822 558 1860 non
599 1800 728 1859 adeo
765 1799 963 1877 craffus
1000 1800 1173 1879 quoad
1216 1813 1488 1861 externam
1518 1803 1818 1878 apparitio-

65 1888 214 1958 nem)
263 1881 469 1962 ideoque
507 1903 676 1942 nonne
713 1882 930 1962 ejusdem
955 1883 1336 1959 superstitionis
1363 1883 1453 1957 est,
1499 1881 1695 1940 cultum
1724 1881 1811 1940 ul-

65 1962 178 2022 lum
225 1964 379 2044 hujus
430 1977 641 2023 naturae
673 1966 1042 2043 frequentare,
1107 1962 1202 2021 vel
1253 1966 1303 2022 ei
1351 1984 1604 2033 annuere,
1651 1964 1815 2043 quam

61 2044 233 2104 cultui
277 2046 582 2118 Pontificio,
628 2044 746 2104 licet
781 2044 956 2124 quoad
985 2044 1214 2125 gradum
1246 2045 1326 2121 sit
1365 2044 1672 2121 differentia
1701 2045 1734 2102 ,9

149 2142 205 2204 7.
250 2124 320 2184 Ν
336 2128 398 2185 U
409 2128 499 2187 M
525 2126 682 2204 causti
737 2127 943 2204 offensae
981 2139 1077 2186 aut
1103 2126 1240 2207 justi
1273 2124 1520 2206 standali
1567 2127 1656 2202 est,
1722 2147 1808 2186 eo-

61 2226 185 2267 rum
223 2206 423 2267 cultum
455 2209 810 2288 frequentare
867 2207 935 2270 ἐξ
981 2207 1154 2277 adire,
1219 2227 1440 2287 quorum
1479 2209 1814 2287 manifestum

62 2289 135 2365 est
183 2288 390 2370 dogma,
436 2311 527 2349 nec
568 2289 643 2349 ad
677 2289 1071 2364 aedificationem
1112 2289 1253 2369 loqui
1289 2311 1380 2350 nec
1408 2310 1586 2358 orare,
1631 2291 1730 2367 nisi
1750 2302 1814 2351 ut

59 2371 99 2428 a
156 2371 363 2450 Spiritu
394 2371 584 2448 saneto
613 2371 744 2450 plus
791 2374 964 2431 minus
1013 2371 1346 2453 adjuvantur
1376 2369 1662 2449 seeundum
1709 2370 1814 2431 ali-

61 2472 223 2531 quam
263 2454 580 2531 menfhram‚
645 2455 787 2535 cujus
830 2453 1182 2533 anumentum
1227 2455 1344 2512 cum
1397 2473 1498 2511 non
1547 2452 1806 2530 sentiant,

52 2536 234 2611 potius
253 2534 513 2611 silebunt,
559 2536 722 2616 quam
749 2537 935 2616 absque
972 2537 1078 2616 ejus
1106 2534 1386 2616 influentia
1416 2534 1689 2612 loquentur
1709 2534 1740 2590 ,Ρ

146 2616 216 2675 Η
243 2636 262 2673 1
286 2637 312 2674 s
354 2615 464 2686 illi,
509 2615 604 2677 sed
643 2615 855 2696 frigide
886 2615 1202 2674 admodum
1232 2617 1291 2672 ὅτ
1324 2614 1532 2693 tepide,
1581 2614 1812 2693 respon-

65 2693 294 2765 derunt,
342 2716 481 2776 quas
519 2697 905 2778 responsiones
942 2695 1040 2755 ille
1068 2695 1242 2755 etiam
1280 2692 1414 2772 jam
1442 2695 1540 2754 diu
1580 2696 1811 2758 abund&

66 2773 355 2836 refutavit.
441 2777 597 2837 Cern
625 2794 821 2839 autem
850 2798 953 2837 nos
983 2776 1275 2836 vocaverit
1298 2776 1454 2835 Deus
1474 2774 1547 2836 ad
1578 2776 1811 2857 spiritu-

66 2855 220 2916 alem
266 2856 511 2927 cultum,
556 2858 621 2916 &
659 2858 733 2918 ad
760 2857 1184 2918 testificandum
1215 2873 1419 2918 contra
1450 2858 1728 2917 humanos
1748 2859 1811 2917 δε

66 2936 430 2999 voluntarios
457 2939 759 3018 apostafiae
787 2940 1002 3008 culum,
1049 2937 1091 2995 fi
1113 2958 1215 2997 nos
1254 2939 1364 2998 hoc
1402 2935 1583 2999 modo
1612 2940 1685 2999 ad
1713 2962 1812 2999 ve·-

68 3017 303 3079 ritatem
334 3018 651 3081 revelatam
673 3019 1056 3080 immobiliter
1084 3039 1199 3079 non
1221 3020 1518 3092 stem-emm,
1562 3019 1655 3080 sed
1677 3041 1814 3089 cum

68 3098 135 3159 iis
175 3120 280 3158 nos
314 3100 710 3181 jungeremu5‚
775 3100 1167 3161 testimonium
1219 3101 1483 3161 nostrum
1534 3121 1643 3181 pro
1681 3103 1815 3162 Deo

69 3181 474 3243 debilitaretur
515 3184 577 3242 ὅτ
617 3182 999 3252 amitteretur,
1044 3183 1103 3240 &
1133 3182 1359 3243 cultum
1380 3183 1531 3242 hunc
1558 3183 1615 3242 in
1644 3204 1811 3242 mun-

70 3262 151 3326 do
188 3262 471 3328 stabiliter
508 3283 842 3348 propagare
881 3263 1233 3411 imZpoffibile
1275 3264 1432 3336 esset,
1477 3263 1632 3344 cujus
1676 3285 1815 3405 {fro-

1049 3362 1079 3411 Ζ
1575 3365 1679 3425 gre
1725 3365 1830 3403 um
