2086 3640
273 91 393 154 viii.
840 83 1409 152 AdREGEM.

272 200 415 260 tales
481 196 805 279 asperitates
855 211 1234 269 mererentur,
1268 237 1270 240 >
1299 198 1543 278 ideoque
1600 215 1804 259 eorum
1835 195 1998 275 inno⁴

271 285 450 341 centiee
489 280 638 339 sensu
680 277 1143 359 (proculdubio)
1171 277 1446 339 adductus
1487 278 1660 350 fuisti,
1695 295 1772 337 -ut
1815 279 1997 340 tribus

270 362 480 422 abhinc
537 359 692 420 annis
756 375 1018 419 centenos
1066 360 1341 440 quosdam
1409 379 1609 419 eorum
1655 359 1714 419 in
1775 374 1998 419 carcere

273 443 514 501 inclusos
562 440 794 500 liberari
840 441 1218 521 praeceperi53
1263 441 1320 500 in
1358 441 1468 502 illis
1517 438 1692 510 enirn,
1737 443 1868 518 quae
1896 459 1998 535 pa-

268 523 511 592 tiuntur,
558 520 851 582 manifeste
893 523 956 581 &
995 521 1428 583 observabiliter
1474 520 1853 601 distinguendi
1874 521 2002 579 sunt

270 606 347 663 ab
392 604 656 663 omnibus
687 602 830 674 aliis,
896 603 996 684 qui
1058 603 1162 665 sub
1227 603 1323 663 tua
1373 602 1721 664 authoritate
1767 602 1994 671 vivunt,

270 684 358 744 his
417 684 646 745 duobus
685 684 1046 764 respectibus.

352 766 604 838 PRIMo,
649 765 796 846 quod
826 770 964 827 inter
988 787 1158 827 omnes
1180 767 1585 848 conjurationes,
1631 765 1701 826 ‘ab
1729 764 1853 825 aliis
1879 784 1998 822 con-

277 860 371 908 tra
409 860 460 907 te
487 849 836 919 machinatas,
868 869 932 910 ex
967 871 1064 930 quo
1104 850 1433 926 restauratus
1461 870 1512 908 es
1534 847 1603 909 &3
1625 849 1683 906 in
1711 846 1996 935 Britanni-

270 951 360 988 am
399 931 657 1006 reversits²3
703 951 846 990 nemo
900 952 964 990 ex
1007 931 1098 1007 isto
1137 931 1353 1008 populo
1373 933 1616 990 inventus
1639 931 1719 1007 stt
1759 950 1878 989 reus
1898 925 1996 1003 (11.-

270 1026 362 1068 cet
398 1012 811 1090 quamplurimi
853 1031 1061 1071 eorum
1114 1011 1264 1091 capti
1325 1022 1385 1076 ὃζ
1441 1010 1796 1082 incarcerati,
1871 1007 1997 1069 talis

271 1091 593 1170 suspicionis
634 1092 819 1163 causa,
865 1092 1099 1172 fuerint)
1127 1094 1225 1173 sed
1242 1096 1451 1173 semper
1485 1095 1771 1152 innocentes
1815 1091 1885 1153 {9⁷
1915 1094 1998 1150 in-

268 1176 415 1232 noxii
455 1172 621 1247 (ficut
667 1173 908 1234 decebat
957 1174 1166 1247 Christi
1194 1176 1475 1255 sequaces)
1505 1195 1666 1256 neque
1697 1175 1994 1240 ambientes„

271 1276 366 1313 nec
391 1272 495 1332 pro
534 1257 687 1336 hujus
724 1258 863 1315 orbis
899 1261 1070 1338 regnis
1111 1257 1483 1327 contendentes,
1513 1256 1842 1338 Jedfitbjebti
1885 1257 1996 1313 cui-

270 1334 398 1394 libet
439 1337 700 1396 hominum
742 1339 993 1414 instituto,
1039 1339 1354 1418 conscientioe.
1385 1339 1597 1418 grand,
1642 1339 1838 1417 reperti
1861 1337 1994 1413 sint.

353 1419 675 1489 SECUNDO,
721 1419 858 1500 quod
891 1422 946 1478 in
970 1422 1266 1499 asperrimis
1296 1422 1704 1498 persecutionum
1751 1421 1998 1496 tempori-

270 1498 384 1569 bos,
432 1499 501 1559 ἐς)
529 1501 861 1576 severiffimis
898 1503 1274 1560 executionibus
1301 1522 1485 1561 earum
1506 1499 1691 1582 legum,
1738 1521 1851 1580 quoe
1880 1520 1995 1558 con⁴

274 1593 366 1639 tra
407 1595 685 1641 conventus
729 1581 858 1640 latae
877 1584 1007 1659 fiant
1051 1584 1212 1658 (cum
1270 1582 1586 1643 innocentia
1637 1579 1998 1660 circumsepti

274 1661 406 1739 fint)
433 1663 655 1738 strenue
703 1666 757 1722 in
808 1666 1085 1738 testimonio
1109 1666 1217 1740 “pro
1237 1665 1353 1724 Deo
1379 1666 1651 1742 steterint,
1695 1665 1879 1722 nonin
1898 1683 1997 1721 an-

265 1743 415 1822 gulos
465 1744 533 1804 {9²
575 1746 786 1824 obseura
827 1744 939 1804 loca
962 1748 1264 1823 irrepentes,
1310 1747 1405 1805 vel
1422 1747 1586 1824 semet
1614 1743 1988 1824 abstondentes,

273 1824 416 1883 sicut
457 1845 654 1885 omnes
696 1824 788 1885 alii
820 1826 1193 1886 dissentientes
1215 1826 1554 1906 profeffores
1595 1825 1871 1896 fecerunt,
1901 1826 2002 1902 fid

276 1905 502 1986 quotidie
527 1924 629 1983 pro
674 1929 814 1966 more
860 1911 915 1967 in
959 1908 1079 1967 locis
1113 1909 1363 1985 publicis,
1410 1908 1498 1968 illi
1542 1909 1654 1983 fini
1705 1909 1992 1985 destinatis,

275 1991 634 2059 convenerint,
700 1989 777 2048 ita
820 2005 885 2047 ut
933 1988 1076 2049 nulli
1132 1999 1368 2050 tuorum
1414 1989 1727 2053 satellitum
1779 1988 1850 2047 de
1887 1988 1996 2048 illis

274 2069 462 2141 dicere
510 2072 741 2148 poffint,
786 2072 923 2150 quod
972 2074 1025 2131 in
1075 2070 1262 2151 angulo
1289 2072 1715 2150 deprehenderint
1758 2092 1858 2142 eos,
1903 2071 1998 2130 vel

276 2154 332 2211 in
371 2154 593 2228 privato
632 2153 986 2212 conventiculo
1034 2155 1413 2230 interceperint,
1459 2154 1554 2212 vel
1579 2155 1634 2212 in
1666 2154 1877 2231 fieretis
1904 2174 1990 2212 cu·

277 2233 461 2292 biculis
498 2235 957 2310 apprehenderint:
1022 2255 1184 2313 neque
1202 2238 1384 2317 neceff
1403 2237 1466 2294 iis
1485 2237 1605 2315 fuit
1639 2237 1869 2294 emittere
1875 2234 1995 2313 spe-

277 2315 533 2374 culatores
583 2316 656 2378 ad
693 2337 770 2375 eos
808 2316 1156 2396 inquirendos,
1229 2339 1348 2398 quos
1390 2321 1522 2377 certi
1560 2329 1718 2375 erant
1772 2317 1995 2397 quotidie*

278 2400 513 2456 inveniri
561 2400 615 2455 in
647 2397 874 2475 publicis
929 2399 1284 2470 conventibus,
1339 2416 1444 2477 pro
1491 2400 1607 2458 Deo
1658 2398 1726 2459 ἐξ
1767 2402 1997 2459 ‘veritate

276 2481 382 2559 ejus
442 2480 785 2554 testificantes.
871 2478 1010 2539 Inde
1059 2480 1256 2538 oculos
1305 2481 1380 2543 ad
1425 2479 1734 2539 videndum
1783 2479 1997 2541 haben-
2085 2498 2086 2555 ᾗ

276 2561 427 2620 tibus
469 2561 786 2622 luculenter
821 2577 1101 2641 apparent
1129 2560 1444 2620 Christiana
1481 2582 1683 2622 eorum
1720 2561 2005 2641 patientia
2083 2560 2086 2590 ³

277 2642 341 2699 &
387 2641 845 2720 magnaniniita5‚
894 2641 1204 2703 constantia
1244 2643 1305 2702 δε
1334 2644 1643 2702 tolerantia
1664 2643 1831 2702 fimul
1861 2664 1996 2703 con-

266 2721 503 2801 junci-a:
548 2724 608 2780 δε
656 2741 847 2785 tamen
888 2724 947 2787 in
995 2723 1192 2782 mediis
1230 2723 1342 2782 istis
1364 2724 1998 2804 afflifflonibus&pro-

277 2803 672 2865 vocationibus
714 2806 904 2866 testari
952 2808 1145 2886 possm,
1192 2804 1371 2887 quod,
1420 2805 1582 2865 ficuti
1601 2826 1672 2866 ex
1692 2806 1803 2865 una
1833 2821 1999 2888 parte

277 2905 570 2965 nunquam
619 2882 1001 2965 quaefiverunt
1058 2887 1353 2946 traducere
1415 2888 1477 2946 Sc
1523 2885 1833 2958 defamem-2,
1898 2888 1994 2947 vel

276 2967 752 3047 gubernationem
796 2984 954 3028 tuam
1003 2969 1222 3048 populo
1278 2969 1527 3029 odiosam
1571 2968 2007 3029 &invidiosam

275 3049 512 3116 reddere
583 3049 907 3109 scurrilibus
954 3050 1016 3108 &
1063 3050 1448 3110 defamatoriis
1505 3050 1730 3122 libellis,
1803 3050 1883 3110 ita
1925 3070 1997 3109 ex

275 3130 451 3189 altera
502 3151 615 3188 non
673 3130 1010 3191 dubitarunt
1051 3146 1107 3190 te
1151 3132 1483 3204 admonere,
1549 3131 1769 3192 hortari
1805 3132 1866 3191 &
1907 3150 2003 3189 re«

275 3210 580 3289 darguere5
624 3232 726 3271 nec
776 3233 889 3273 non
942 3212 1190 3274 fideliter
1211 3213 1571 3273 conscientias
1596 3214 1716 3273 suas
1754 3212 1811 3271 in
1833 3233 1997 3272 amo-

278 3311 336 3360 re
374 3313 511 3372 erga
550 3301 605 3353 te
628 3291 740 3353 fine
778 3295 968 3357 verbis
997 3293 1329 3359 adulatoriis
1356 3313 1682 3369 exonerare,
1726 3292 1871 3356 ficut
1898 3313 1998 3384 ve:

529 3381 531 3383 ·
1951 3388 2001 3432 n
