2086 3640
250 118 363 180 172
533 82 1689 164 THESISSEPTIMA.

239 204 624 265 remiffionem
670 201 1106 282 praeteritorum
1137 194 1514 295 peccatorum
1557 200 1864 278 inveniunt,
1908 207 1972 267 &

237 286 583 366 potestatem
637 281 918 343 liberandi
961 280 1089 340 illos
1135 300 1167 336 a
1220 288 1484 360 peccato,
1548 282 1610 341 δε
1657 285 1967 348 mundandi

235 387 353 435 εοε,
398 365 619 444 quoties
666 361 1125 444 negligentia&
1165 359 1522 441 invigilantia
1570 362 1627 421 in
1666 382 1966 441 peecatum

233 446 520 516 incidunt,
581 445 622 503 fi
666 444 807 504 serio
857 464 955 504 eos
996 440 1297 524 poeniteat,
1370 443 1431 501 δε
1462 442 1648 503 rursus
1693 443 1767 503 ad
1819 447 1966 508 hanc

229 527 487 604 gratiam
517 542 923 586 revertantur:
993 544 1127 584 narn
1169 524 1402 584 omnibus
1459 522 1616 585 illum
1663 527 1966 603 recipienti-

228 608 327 667 bus
364 607 458 666 dat
493 610 799 684 potestatem
826 606 974 680 filios
1015 606 1124 665 Dei
1149 606 1295 679 fieri.
1380 603 1474 663 Sic
1520 625 1595 665 ex
1639 604 1750 664 una
1798 624 1966 686 parte

226 687 376 747 nulli
405 686 515 747 filii
548 687 696 759 sunt,
740 688 886 748 nulli
917 686 1237 766 justificati,
1285 684 1427 743 nulli
1457 683 1830 758 reconciliati,
1861 688 1966 748 do-

227 788 335 827 nec
379 769 490 828 hoc
530 768 712 830 modo
753 768 1069 849 receperint
1109 768 1275 827 illurn
1319 764 1375 824 in
1404 786 1591 844 parvo
1629 766 1732 826 illo
1758 767 1967 829 semine

227 848 288 909 in
341 849 513 909 corde
553 849 671 909 suo,
757 852 836 910 Et
882 855 967 922 iis,
1028 851 1118 929 qui
1144 846 1430 927 secundum
1476 849 1795 924 patientiam
1848 851 1969 910 boni

223 934 396 1007 operis
427 930 659 1012 gloriam
699 931 769 992 δύ’
809 933 1052 992 honorem
1100 931 1169 991 δέ
1215 930 1648 1006 incorruptionem
1690 944 1957 1009 quoerunt‚

225 1015 352 1072 vita
391 1025 593 1072 oeterna
618 1012 861 1089 offertur.
945 1011 1094 1072 Nam
1120 1013 1176 1088 st
1200 1011 1376 1090 justus
1415 1011 1452 1067 ἁ
1479 1011 1694 1088 justitia
1731 1012 1961 1082 recedat,

213 1094 430 1174 justitia
495 1095 599 1174 ejus
640 1114 742 1153 non
786 1093 1020 1170 amplias
1061 1104 1491 1152 commemoratur
1523 1113 1541 1156 ;
1604 1090 1845 1170 ideoque
1890 1112 1962 1152 ex

226 1173 407 1233 altera
448 1189 612 1253 parte
661 1173 805 1234 nulli
846 1172 1053 1234 diutius
1084 1173 1190 1232 filii
1233 1171 1343 1231 Dei
1390 1170 1453 1230 &
1482 1168 1782 1248 justificati
1808 1172 1959 1244 sunt,

223 1253 404 1333 quam
439 1254 538 1334 qui
573 1250 857 1334 patienter.
902 1254 958 1314 in
978 1253 1194 1333 justitia
1242 1253 1304 1312 &
1350 1252 1494 1312 bene
1530 1252 1826 1331 operando
1873 1273 1963 1312 re-

225 1351 479 1395 manent.
565 1334 824 1395 Christus
852 1335 1029 1415 igitur
1050 1335 1500 1394 interceffionem
1519 1330 1676 1404 facit,
1720 1333 1961 1395 durante

224 1415 318 1474 die
358 1414 624 1494 cujusque
665 1414 1022 1487 visitationis,
1087 1430 1154 1475 ut
1197 1429 1648 1474 convertantur:
1718 1414 1781 1473 &
1827 1416 1964 1474 curn

223 1495 536 1555 secundum
577 1494 832 1574 aliquam
873 1496 1196 1557 mensuram
1236 1493 1491 1555 conversi
1543 1493 1674 1565 fint,
1718 1511 1870 1565 orat,
1895 1512 1964 1554 ut

225 1590 476 1658 pergant
522 1577 586 1636 &
626 1577 962 1655 procedant,
1028 1574 1092 1636 &
1138 1595 1254 1635 non
1292 1573 1675 1644 retrocedant,
1721 1591 1824 1634 aut
1863 1575 1963 1634 de—

223 1657 444 1716 ficiant.
533 1655 902 1736 Perplurima
942 1655 1055 1716 alia
1083 1655 1194 1718 dici
1231 1656 1455 1735 poffent
1502 1653 1577 1712 ad
1624 1655 1769 1715 hanc
1813 1656 1963 1716 veri-

222 1751 410 1798 tatem
458 1737 943 1808 confirmandam,
1007 1736 1102 1796 sed
1144 1735 1493 1825 progredior
1526 1733 1601 1793 ad
1627 1755 1963 1796 communes

221 1835 431 1880 contra
474 1818 619 1878 hanc
682 1818 1006 1879 doctrinam
1067 1817 1443 1896 objestioneS,
1509 1835 1640 1907 quae
1696 1816 1822 1877 sunt
1864 1816 1963 1877 illa

226 1912 573 1980 argumenta
615 1898 820 1978 quibus
868 1913 1109 1960 utuntur
1157 1898 1232 1957 ad
1295 1913 1649 1958 contrariam
1695 1896 1961 1958 sententi-

226 2001 326 2041 am
371 1978 875 2058 propugnandam.

309 2061 417 2120 VI.
466 2060 691 2119 PR1MA
732 2059 795 2117 δε
836 2058 1169 2139 principalis
1212 2058 1510 2119 deducitur
1544 2079 1614 2121 ex
1642 2057 1755 2118 illis
1785 2060 1958 2138 Apo-

224 2141 359 2203 stoli
398 2139 588 2201 verbis
614 2139 781 2221 supra
826 2139 1034 2209 citati3‚
1084 2159 1114 2197 2
1149 2141 1287 2199 Cor.
1329 2159 1386 2197 v.
1427 2142 1521 2209 18,
1563 2159 1653 2217 19.
1696 2139 1845 2198 Deus
1870 2161 1957 2198 re-

222 2222 531 2283 conciliavit
576 2241 666 2283 nos
691 2222 802 2298 fibi
837 2236 942 2299 per
972 2220 1242 2295 Christum
1270 2242 1290 2279 .·
1331 2220 1479 2279 Deus
1506 2231 1625 2278 erat
1663 2221 1718 2277 in
1749 2218 1957 2297 Christo

222 2303 475 2365 mundum
501 2302 612 2380 fibi
655 2302 1016 2372 reconcilians,
1060 2322 1160 2361 non
1200 2313 1449 2379 reputans
1485 2299 1596 2360 illis
1641 2297 1838 2365 delicia
1885 2301 1957 2360 il-

221 2384 414 2446 lorum.
501 2382 664 2442 Hinc
693 2382 898 2442 inferre
927 2398 1229 2452 conantur,
1295 2380 1587 2441 Christum
1628 2381 1958 2443 reconcilia-

222 2464 398 2526 tionis
438 2482 584 2544 opus
624 2463 883 2525 totaliter
929 2462 1240 2542 perfeciffe,
1285 2461 1425 2522 dum
1473 2461 1531 2521 in
1568 2461 1731 2522 terris
1770 2462 1956 2523 versa..

221 2562 402 2606 retur.
488 2543 803 2622 Respondeo‚
869 2543 913 2602 s1
942 2564 1046 2623 per
1092 2543 1558 2604 reconciliationem
1601 2541 1952 2624 intelligant,

220 2627 384 2706 quod
413 2639 709 2687 removeat
735 2624 904 2696 iram,
948 2625 1013 2689 &
1047 2623 1296 2704 gratiam
1336 2623 1500 2684 nobis
1530 2626 1807 2704 praebeat,
1838 2625 1955 2703 qua

221 2704 579 2767 reconciliari
617 2706 913 2784 poffimuS‚
974 2703 1384 2766 concedimus:
1448 2705 1564 2776 sed,
1608 2705 1766 2786 quod
1813 2705 1956 2767 nihil

221 2787 475 2867 amplius
511 2785 741 2856 dicitur,
787 2807 857 2846 ex
885 2783 1007 2867 ipso
1037 2785 1172 2845 loco
1199 2801 1358 2866 patet
1384 2811 1403 2850 ·,
1465 2806 1600 2845 nam
1628 2785 1731 2848 ubi
1780 2787 1955 2866 Apo-

220 2867 402 2929 stolus
465 2866 523 2925 in
564 2866 862 2945 praeterito
916 2865 1175 2947 perfecto
1221 2882 1486 2946 tempore
1524 2867 1803 2947 loquitur,
1866 2865 1952 2925 di·-

219 2965 373 3022 ·cenS,
419 2947 778 3008 reconciliavit
813 2967 922 3017 nos,
983 2946 1055 3006 de
1100 2946 1275 3028 seipso
1322 2946 1400 3006 &⁸
1427 2947 1629 3007 sanctis
1670 2944 1949 3028 loquitur,

218 3030 342 3108 qui,
402 3029 540 3088 cum
588 3027 918 3107 recepiffent
951 3027 1203 3107 gratiam
1244 3028 1356 3088 Dei
1401 3048 1506 3108 per
1533 3027 1825 3088 Christum
1869 3025 1950 3084 eis

219 3123 616 3186 procuratam,
663 3108 779 3169 fide
830 3107 888 3167 in
929 3106 1096 3169 illum
1144 3108 1442 3169 actualiter
1490 3103 1834 3168 reconciliati
1887 3125 1948 3164 e·-

221 3203 369 3246 rant.
457 3188 639 3268 Qod
665 3188 739 3246 ad
765 3188 1034 3259 mundum,
1078 3188 1178 3260 ait,
1222 3189 1580 3257 reconcilians,
1623 3205 1739 3246 non
1766 3205 1944 3245 recon-

217 3266 451 3340 ciliatus,
509 3270 571 3330 &
611 3268 744 3329 licet
790 3266 1129 3332 reconcilians
1173 3269 1383 3333 habeat
1419 3265 1946 3410 conjunctumbver-

1814 3365 1938 3418 um,
