2086 3640
236 32 341 158 92¹
399 70 804 136 THESIS
846 67 1302 148 QUINTA
1334 71 1405 134 ee
1446 75 1828 137 SEXTA.

235 183 436 242 nostris
474 176 738 242 dixiffet3
813 175 1052 251 Christus
1094 190 1198 251 pro
1227 177 1439 237 Mundo
1480 200 1580 239 non
1587 196 1834 257 precatus
1859 184 1950 259 est,

232 285 324 323 nec
342 261 465 320 vult
480 278 568 316 nos
586 272 688 333 pro
705 257 936 315 omnibus
961 260 1199 332 precari,
1245 261 1334 337 qui
1360 280 1459 319 non
1486 262 1608 320 vult
1635 283 1803 323 omnes
1832 265 1949 340 Jer-

232 345 380 409 vmi,
412 338 511 416 ssd
534 336 783 406 decrevit,
828 335 966 416 quod
977 335 1132 395 multi
1157 336 1557 412 damnarentur,
1603 355 1662 400 ut
1683 344 1950 421 justitiam

213 426 374 499 suom
404 422 458 479 in
480 417 590 477 illis
633 416 955 494 demonstret.
1044 416 1201 487 Tali,
1247 417 1498 498 inquam,
1545 420 1851 500 objeetioni
1886 441 1957 483 ut

230 500 449 570 obviet,
494 498 655 568 dicit,
701 499 888 558 bonum
936 498 1006 560 {9⁹
1035 512 1297 576 acceptum
1322 501 1415 579 effi
1439 507 1495 562 in
1522 503 1779 581 conspeetu
1823 503 1948 562 Sal-

230 583 458 651 vatoris,
505 582 593 659 qui
619 600 790 639 omnes
815 581 1040 643 homines
1065 579 1190 638 vult
1202 580 1445 656 salvari.
1530 582 1728 643 Velim
1756 583 1954 643 audire

229 661 370 741 quid
386 660 569 739 magis
589 657 912 741 expressum
933 660 1046 720 dici
1074 662 1267 740 poffit,
1310 662 1401 720 vel
1440 661 1483 720 fi
1517 662 1648 723 duae
1687 663 1955 744 propofi-

230 741 497 802 tionesin
548 740 801 802 terminis
845 741 1029 820 magis
1058 739 1512 801 contradietoriis
1541 745 1678 823 poni
1717 747 1952 825 poffint,

228 822 406 903 quiim
458 820 679 881 haeduae
708 848 726 888 3
770 823 918 883 Deus
945 844 1046 881 non
1074 822 1197 881 vult
1219 822 1418 902 aliquos
1435 824 1697 901 servari3
1743 826 1813 887 &²
1841 827 1956 885 De-

229 926 289 964 us
317 903 441 964 vult
456 924 623 963 omnes
647 905 888 981 servari,
933 903 1027 962 vel
1063 904 1210 963 Deus
1253 903 1377 963 vult
1407 903 1579 964 nullos
1611 909 1811 984 perire.
1895 905 1955 965 Si

230 985 593 1065 postremam
616 984 921 1055 credimu3,
969 983 1110 1044 ficut
1126 984 1380 1045 affirmat
1402 984 1742 1066 Apostolus,
1785 987 1954 1068 prior

228 1065 583 1131 destruitur3
646 1062 779 1124 cicm‘
810 1087 874 1125 ex
905 1067 1340 1144 propositionibus
1378 1066 1819 1137 contradittoriis,
1853 1084 1954 1146 po-

213 1146 336 1225 fitd
383 1148 518 1216 und,
583 1145 757 1205 altero
798 1147 972 1206 cadat.
1056 1146 1138 1207 Et
1184 1147 1448 1227 denique,
1511 1146 1614 1208 dat
1652 1148 1841 1210 nobis,
1867 1168 1959 1207 ra·-

232 1227 473 1299 tionem‚
539 1246 714 1306 quare
761 1228 890 1286 vult
930 1248 1128 1287 omnes
1168 1228 1399 1300 servari,
1463 1231 1554 1308 qui
1583 1229 1692 1308 sese
1729 1230 1830 1307 ipſse
1871 1228 1960 1288 de-

232 1309 312 1368 dit
350 1308 713 1384 redemptionis
750 1313 985 1386 pretium
1024 1324 1126 1385 pro
1174 1310 1428 1380 omnibus,
1509 1309 1667 1389 quasi
1707 1308 1956 1388 dixisset,

233 1393 371 1449 cum
410 1387 667 1447 Christus
708 1408 818 1467 pro
865 1389 1134 1449 omnibus
1183 1406 1446 1450 mortuus
1503 1390 1593 1460 fit,
1668 1392 1804 1455 cum
1850 1410 1963 1470 pro

233 1470 506 1528 omnibus
542 1468 652 1526 sese
715 1469 1123 1549 redemptionis
1185 1470 1436 1550 pretium
1487 1469 1752 1534 dederit:
1816 1491 1963 1550 ergo

232 1550 364 1609 vult
410 1567 610 1608 omnes
658 1547 897 1608 salvari:
984 1549 1129 1609 hanc
1177 1551 1280 1609 dat
1319 1551 1431 1630 ipse
1474 1550 1730 1614 Christus
1787 1550 1963 1611 ratio-
2058 1538 2086 1609 ·

233 1651 369 1691 nem
417 1627 594 1688 divini
635 1629 848 1688 amoris
898 1648 1039 1708 erga
1088 1629 1394 1702 mundum,
1441 1631 1524 1691 his
1563 1631 1784 1693 verbis:
1824 1631 1963 1710 Joh.

239 1710 313 1772 iii.
397 1711 486 1771 16.
570 1710 660 1768 Ita
707 1711 858 1770 Deus
900 1710 1086 1770 dilexit
1128 1711 1399 1782 mundum,
1491 1726 1553 1772 ut
1591 1711 1776 1788 filium
1801 1714 1962 1794 suum

235 1795 556 1872 unigenitum
586 1790 804 1862 dederit,
870 1805 930 1851 ut
983 1794 1205 1872 quisquis
1243 1792 1424 1854 credat
1459 1796 1515 1853 in
1549 1814 1689 1864 eum,
1724 1815 1825 1858 non
1863 1811 1963 1872 pe-

237 1887 373 1943 reat,
424 1873 523 1953 sed
554 1873 747 1932 habeat
791 1875 964 1932 vitam
1004 1886 1273 1934 oeternam.
1320 1874 1535 1934 Confer
1575 1893 1710 1934 curn
1767 1897 1791 1936 1
1828 1875 1966 1954 Joh.

237 1956 313 2013 iv.
359 1974 414 2031 9.
503 1952 768 2032 Quisquis,
835 1953 930 2012 hic
979 1953 1060 2012 est
1109 1954 1385 2014 terminus
1427 1954 1776 2026 indefinituS,
1847 1976 1969 2037 quo

236 2054 410 2094 nemo
432 2034 753 2093 excluditur
783 2054 796 2091 :
841 2055 911 2093 ex
939 2034 1143 2113 quibus
1173 2035 1439 2096 omnibus
1468 2034 1543 2095 fic
1571 2051 1968 2116 argumentor.

325 2116 374 2175 P
400 2137 438 2175 R
468 2135 506 2173 o
564 2135 910 2195 quocunque
978 2115 1115 2174 licet
1161 2135 1349 2186 orare,
1421 2115 1505 2175 illi
1544 2116 1687 2176 salus
1729 2116 1967 2202 poffibi-
2068 2127 2075 2132 '

241 2196 307 2255 lis
356 2196 467 2254 est:
534 2195 627 2254 sed
677 2195 810 2255 licet
857 2215 1023 2255 orare
1072 2216 1183 2275 pro
1230 2217 1579 2288 unoquoque
1634 2197 1694 2261 &
1743 2196 1970 2278 singulo

242 2276 476 2336 homine
525 2275 700 2335 totius
749 2276 945 2336 orbis:
1010 2297 1155 2356 ergo
1190 2279 1491 2359 unicuique
1527 2277 1670 2336 salus
1717 2277 1798 2339 est
1839 2277 1971 2358 pos-
2066 2327 2068 2331 .

243 2357 433 2418 fibilis.
519 2356 988 2436 Affumptionem
1056 2357 1167 2417 hoc
1234 2359 1416 2419 modo
1474 2359 1687 2439 probo,
1773 2359 1974 2422 Nemo

243 2446 505 2509 tenetur,
584 2458 767 2518 neque
814 2438 984 2497 alicui
1034 2437 1170 2498 licet
1226 2460 1394 2500 orare
1435 2460 1546 2520 pro
1587 2438 1968 2521 impoffibili:

241 2519 335 2579 sed
378 2518 751 2599 unusquisque
799 2533 1045 2589 tenetur,
1131 2520 1252 2578 imo
1314 2519 1647 2600 praecipitur
1693 2540 1806 2599 pro
1842 2540 1971 2583 otn-

245 2600 411 2660 nibus
453 2619 655 2658 orare:
721 2619 863 2679 ergo
903 2619 1018 2657 non
1059 2599 1139 2658 est
1174 2600 1536 2680 impossibile.
1580 2600 1822 2672 Iterum,
1872 2622 1972 2661 ne-

247 2701 349 2741 mo
394 2696 616 2739 tenetur
681 2700 847 2740 orare
914 2678 1016 2737 nis1
1059 2678 1115 2738 in
1153 2681 1304 2740 fide:
1397 2681 1491 2740 sed
1535 2680 1636 2760 qui
1681 2696 1813 2742 orat
1859 2701 1972 2762 pro

246 2761 604 2842 impoffibili‚
669 2780 785 2819 non
832 2761 1021 2840 potest
1062 2761 1119 2820 in
1162 2761 1278 2821 fide
1326 2781 1525 2821 orare:
1591 2761 1775 2842 ergoq
1816 2762 1971 2825 Rur-

245 2843 355 2913 suS,
418 2841 579 2921 ‘quod
600 2841 756 2901 Deus
782 2841 933 2912 vult,
977 2862 1093 2901 non
1133 2842 1214 2901 est
1257 2842 1639 2922 impoffibile:
1703 2841 1798 2902 sed
1819 2843 1975 2902 Deus

250 2924 381 2982 vult
419 2943 618 2982 omnes
654 2923 897 2981 servari:
963 2942 1107 3002 ergo
1153 2942 1268 2982 non
1317 2923 1398 2982 est
1441 2922 1803 3003 impoffibile.
1893 2923 1976 2982 Et

250 3003 513 3082 denique,
574 3002 702 3072 illis,
801 3022 910 3084 pro
951 3003 1157 3081 quibus
1186 3003 1442 3064 Christus
1482 3004 1589 3063 sese
1627 3002 1974 3082 redemptio-

252 3085 334 3142 nis
372 3085 623 3162 pretium
660 3082 841 3154 dedit,
885 3083 1030 3142 salus
1076 3084 1157 3142 est
1204 3084 1516 3164 poffibilis:
1582 3082 1676 3142 se'd
1716 3079 1970 3143 Christus
2036 3111 2038 3114 ’

251 3165 358 3223 sese
398 3164 555 3222 dedit
609 3163 1017 3244 redemptionis
1038 3164 1291 3243 pretium
1331 3185 1443 3247 pro
1483 3163 1782 3228 omnibus·,
1828 3182 1972 3244 ergo

257 3244 400 3303 salus
449 3244 714 3306 omnibus
755 3245 835 3306 est
885 3244 1177 3326 poffibilis⁸

791 3338 793 3340 ·
1440 3322 1606 3384 VIII.
1650 3324 1974 3394 SECUNDO,
