2086 3640
211 119 334 177 310
460 106 1748 172 THESISUNDECIMA:

211 224 387 296 quam
431 211 556 270 ullo
605 211 738 273 alio.
825 216 980 275 Haec
1028 215 1180 274 enirn
1230 214 1310 273 est
1359 214 1732 294 praegustatio
1780 217 1943 277 senfi-

213 286 343 346 b1l1s
389 289 536 350 illius
581 292 887 365 fruitioni3‚
921 312 923 314 ’
962 295 1073 375 (μιᾷ
1124 296 1299 356 sancti
1361 296 1418 354 in
1468 295 1630 354 coelis
1688 299 1946 375 quotidie

214 365 503 462 fruuntur,
566 394 742 453 quam
793 376 922 437 filiis
979 377 1084 437 suis
1132 378 1278 458 saepe
1328 376 1592 455 indulget
1632 376 1809 448 DeUS‚
1874 379 1950 438 ad

217 450 664 517 consolanonem
686 478 888 517 eorum
905 457 966 517 δε
983 459 1438 527 incitamentum,
1474 458 1790 536 praesertim
1813 460 1951 520 cum

219 538 558 612 congregati
606 538 734 598 sunt
771 539 844 599 ad
879 529 1047 600 illum‘
1088 538 1515 600 attendendum.

303 612 411 685 XI.
456 617 655 678 SUNT
701 636 892 681 autern
930 622 1048 681 duo
1099 620 1369 680 contrarii
1415 618 1664 699 Spiritus
1704 634 1806 681 aut
1845 624 1955 701 po&

220 690 469 765 testates„
515 699 782 760 videlicet
820 703 1068 782 potestas
1108 704 1167 762 &
1203 702 1426 783 spiritus
1460 698 1623 778 hujus
1642 701 1864 773 mundi,
1897 703 1955 763 in

223 794 341 865 quo
371 776 642 860 Princeps
673 786 1038 843 tenebrarum
1072 801 1294 865 regnat,
1340 783 1400 840 &
1442 781 1498 840 in
1534 781 1619 851 iis,
1664 798 1967 863 quotquot

225 857 300 913 ab
324 856 432 946 illo
463 880 713 942 aguntur
752 866 813 923 &
835 865 1121 924 ducuntur
1157 891 1173 931 ·,
1218 866 1279 924 &
1301 863 1542 944 Spiritus
1575 865 1680 921 *seu
1708 864 1958 942 potestas

227 937 357 1006 Dei,
406 940 459 998 in
509 965 625 1022 quo
667 946 789 1024 agit
829 946 891 1004 &
931 963 1202 1026 operatur
1244 949 1418 1015 Demi,
1463 944 1524 1002 δε
1551 942 1738 1014 iniis,
1789 961 1960 1023 quot-

226 1035 373 1095 quot
419 1043 733 1103 operantur
760 1027 816 1087 in
848 1028 951 1087 illo
985 1029 1046 1087 δε
1089 1048 1192 1107 per
1233 1028 1399 1088 illum
1438 1040 1706 1106 aguntur.
1779 1026 1962 1108 Qic-

229 1099 370 1191 quid
418 1102 596 1183 igitur
634 1108 724 1178 fit,
786 1109 856 1168 de
902 1130 1018 1189 quo
1049 1111 1229 1169 homo
1273 1107 1495 1187 cogitat
1520 1106 1613 1167 vel
1642 1121 1786 1186 agit,
1833 1123 1990 1168 utut·

183 1224 185 1227 ψ
229 1180 535 1260 Spirituaie
593 1195 693 1249 aut
733 1191 1063 1270 religiosum
1114 1192 1315 1272 quoad.
1361 1189 1659 1248 notionem
1706 1187 1801 1248 vel
1846 1187 1979 1248 for-.

231 1281 413 1353 mam,
482 1268 622 1328 dum
661 1271 784 1349 agit
826 1273 887 1332 δε
929 1288 1135 1333 movet
1192 1272 1248 1331 in
1284 1268 1535 1331 naturali
1573 1287 1640 1328 ac
1688 1285 1971 1350 corrupto

180 1349 183 1352 ’
228 1343 450 1421 sp1ritu,
498 1350 557 1407 &
598 1352 918 1423 voluntate,
966 1354 1028 1412 ὅτ
1072 1374 1187 1413 non
1225 1374 1328 1433 per
1363 1350 1641 1413 virtutem
1680 1348 1811 1419 Dei,
1858 1368 1964 1430 per

231 1427 426 1486 omnia
456 1447 677 1508 peccat,
725 1454 907 1511 neque
936 1433 966 1489 a
999 1435 1130 1492 Deo
1158 1435 1538 1514 approbatur.
1576 1455 1580 1459 ’
1621 1430 1786 1491 Hinc
1813 1432 1967 1492 enim

231 1508 451 1567 arando
488 1532 603 1571 non
649 1512 836 1571 minus
878 1514 1054 1592 quam
1089 1514 1308 1574 orando
1348 1526 1553 1592 peccat
1593 1509 1845 1590 impius:
1891 1512 1968 1572 fic

233 1586 409 1648 etiam
453 1592 725 1673 quicquid
753 1595 876 1673 agit
915 1597 1096 1654 homo
1127 1595 1156 1653 Ξι
1201 1595 1420 1654 virtute
1467 1592 1530 1652 &
1566 1590 1784 1669 Spiritu
1834 1593 1990 1665 Dei,.

235 1667 351 1727 five
389 1674 635 1735 actiones
683 1674 800 1754 ejus
842 1676 951 1737 fint
986 1676 1292 1757 religiosae,
1339 1673 1554 1743 civiles,
1583 1671 1720 1732 ‘imo
1748 1673 1842 1733 vel
1871 1691 1993 1735 na*-

233 1752 467 1826 turaleS‚
528 1773 862 1836 acceptatur
901 1779 1005 1838 per
1050 1759 1242 1818 omnia
1290 1765 1348 1818 in
1397 1755 1702 1836 conspeetu
1732 1753 1866 1826 Dei,
1895 1756 1975 1817 ’δε

237 1831 434 1897 beatus
475 1836 532 1896 in
573 1838 683 1896 illis
724 1839 822 1898 est.
909 1840 1291 1920 Hincpatet,
1336 1838 1512 1919 quam
1549 1835 1762 1897 frivola
1797 1839 1860 1899 &
1887 1837 1974 1896 in-

235 1930 370 1990 epta
411 1937 614 2006 eorum
658 1920 908 1998 objectio
958 1921 1046 1991 fit,
1093 1922 1191 2002 qui
1237 1922 1417 1990 aiunt,
1482 1920 1536 1980 se
1564 1919 1759 1979 Deum
1787 1935 1972 1986 atten-

236 1992 370 2078 dere
409 2016 465 2055 in
516 2001 774 2060 oratione
815 2002 876 2060 &
920 2002 1353 2081 praedicatione,
1401 2004 1537 2061 cum
1581 1998 1876 2074 attendere
1901 2021 1974 2061 ex

173 2119 175 2122 .
235 2073 291 2132 se
331 2077 521 2154 potius
551 2084 832 2158 paffivarn
873 2083 1333 2161 dependendam,
1379 2102 1553 2160 quam
1575 2080 1857 2140 actionem
1887 2083 1977 2142 ul-

239 2155 357 2213 lam
408 2159 692 2229 denotct3
765 2163 827 2222 δε
876 2165 1011 2223 cum
1052 2162 1511 2222 demonstratum
1539 2161 1630 2232 fit,
1692 2181 1760 2220 ac
1786 2161 1976 2222 adhuc

238 2236 410 2299 fufius
448 2242 955 2306 demonstrandum
997 2244 1191 2314 fuerit,
1239 2263 1404 2303 orare
1431 2244 1492 2300 ὅτ
1519 2243 1832 2322 praedicare
1863 2242 1977 2304 fine

238 2319 456 2398 Spiritu
486 2326 592 2384 effe
614 2325 804 2385 Deum
835 2326 1146 2395 offendere,
1193 2346 1307 2384 non
1337 2325 1411 2383 ad
1447 2323 1616 2383 illum
1637 2324 1927 2385 attendere
1955 2349 1974 2392 ;

240 2421 406 2462 orare
434 2422 627 2465 autem
676 2407 738 2465 δε
766 2407 1078 2486 praedicare
1120 2427 1225 2486 per
1260 2405 1537 2486 Spiritum
1580 2406 2002 2496 praesupponit*

240 2486 544 2546 neceffario
575 2486 802 2548 filenter'
828 2489 1029 2568 primo'
1057 2488 1370 2558 attendere,
1418 2486 1820 2546 ut‘sentlantur
1847 2487 1976 2567 Spi-

242 2565 384 2626 ritus
426 2586 621 2628 motus
657 2568 734 2629 ad
771 2589 836 2628 ea
858 2570 1143 2629 ‘ducentes
1228 2569 1491 2647 Denique
1528 2582 1725 2627 autem
1763 2566 1820 2626 in
1851 2569 1975 2647 ple-

242 2647 424 2727 risque
461 2650 525 2709 iis
574 2650 736 2720 lociS,
782 2650 883 2710 ubi
911 2651 1100 2711 oratio
1128 2648 1485 2730 praecipitur‚
1529 2663 1598 2707 ut
1626 2648 1781 2708 Mat.
1810 2650 1970 2710 xxvi.

240 2749 339 2800 41.
406 2732 598 2791 Mare.
635 2731 752 2792 xiii.
799 2751 895 2810 33.
962 2733 1111 2794 Luc,
1150 2730 1266 2791 xxi.
1300 2731 1393 2789 26.
1449 2752 1472 2790 1
1506 2729 1634 2791 Pet.
1676 2728 1754 2790 iv.
1788 2746 1842 2808 7.
1871 2731 1976 2789 -vi-
2057 2740 2067 2792 ,ἴ

241 2812 445 2890 gilatio
510 2813 936 2894 particulariter
980 2813 1330 2904 prati-igitur,
1391 2827 1458 2871 ut
1503 2809 1746 2892 praevia‚
1792 2822 1851 2876 ὃζ
1899 2810 2003 2870 ad·
2062 2829 2066 2837 ’

241 2895 405 2957 illam
452 2894 887 2974 praeparatoria.
970 2894 1329 2976 Ig1turtuto
1373 2893 1435 2951 ὅτ
1474 2892 1629 2952 certe
1679 2889 1977 2953 concludi-
2020 2887 2023 2890 ’

241 2997 391 3049 mus,
437 2978 574 3036 cum
611 2975 901 3035 attendere
939 2987 997 3041 a(
1045 2974 1287 3055 vigilare
1332 2973 1475 3034 adeo
1511 2973 1746 3053 praecise
1772 2983 1830 3039 δι
1859 2969 1975 3030 fre·

241 3075 478 3139 quenter
512 3057 892 3137 -praecipiatur
937 3057 1023 3115 δε..
1044 3055 1500 3128 commendetur,
1567 3065 1627 3120 ὅῑ
1675 3056 1819 3134 ςῦτη
1859 3052 1974 3111 hoc

239 3142 375 3201 vere
425 3137 683 3220 praestari
732 3154 1009 3216 nequeat,
1076 3137 1178 3196 nisi
1230 3135 1458 3196 interno
1508 3137 1620 3195 hoc
1666 3131 1841 3192 animi
1905 3133 1976 3190 fi-

241 3221 416 3281 lentio
446 3222 474 3278 ὲ
522 3218 771 3300 propriis
819 3219 924 3283 suis
973 3217 1417 3299 cogitationibus
1459 3217 1520 3275 &
1546 3212 1973 3355 imaginatgmi-

520 3332 521 3335 ,
1543 3330 1545 3332 ,
1873 3313 1961 3366 us,
