2086 3640
197 113 287 172 De
306 106 597 186 universali
623 106 695 168 ξεῖ)
707 105 995 185 stzlutifi’ro
1020 106 1219 167 lumine
1241 106 1372 185 Jcfic
1396 104 1609 181 Chrzsti.
1669 129 1773 172 101

67 215 278 276 rudera
307 232 622 283 removere,
665 229 971 293 antequam
992 235 1208 275 novum
1245 215 1673 281 fundamentum
1695 213 1784 293 ja-

29 367 33 371 ,
77 316 204 355 cere
229 293 448 356 valeat:
489 293 553 351 δεῖ
591 292 688 373 qui
723 294 873 354 aedes
919 296 1169 356 maxime
1202 295 1467 367 foedataS,
1525 296 1588 356 &
1628 294 1788 362 omni

78 377 335 436 stercoris
351 393 558 456 genere
576 373 844 453 ,pollutas
872 375 1226 438 habitaturus
1246 378 1583 457 ingreditur,
1627 377 1786 460 pol-

8 454 13 458 ’
77 458 322 518 lutiones
337 457 462 516 illas
480 453 675 537 primo
691 471 978 526 removet,
1021 474 1324 537 antequam
1339 477 1552 517 novam
1578 457 1639 518 &
1665 458 1787 538 spe»

80 539 289 598 ciosam
335 538 491 597 suam
517 534 964 616 suppelleffilem
1002 536 1060 596 in
1106 539 1367 597 ordinem
1414 558 1519 618 per
1547 539 1787 600 domum

76 619 354 698 disponat.
439 614 567 678 Diei
596 635 801 676 aurora
822 617 1082 677 tenebras
1108 617 1294 698 aliqua
1315 639 1385 679 ex
1401 636 1565 698 parte
1584 621 1675 678 dis
1666 621 1797 701 peh

78 700 168 768 lit,
215 698 408 777 resque
435 695 686 757 maxime
709 696 1032 778 conspicuas
1053 698 1231 758 oculis
1280 699 1479 758 nostris
1525 700 1748 779 subjicit
1763 714 1783 774 fl:

77 779 172 839 sed
188 778 445 838 distinsta
466 777 528 837 ὅτ
549 794 703 838 certa
726 797 916 838 rerum
944 778 1205 838 omnium
1233 779 1375 841 visio
1391 780 1451 837 δε
1467 783 1783 862 perceptiO,

77 876 146 920 ut
192 860 612 934 observationes
640 858 983 920 indubitatas
1003 858 1065 919 δε
1084 858 1358 941 perfestas
1379 859 1670 932 faciamus,
1715 860 1788 921 ad

27 1006 30 1009 ,
78 941 212 1001 solis
231 956 427 1000 ortum
447 941 507 999 δε
534 939 906 1002 meridianam
949 939 1136 1001 lucem
1185 940 1537 1000 reservatur:
1582 942 1643 1002 &
1663 944 1786 1022 qui-

76 1023 211 1089 dem
227 1043 298 1083 ex
325 1020 477 1080 certa
504 1020 848 1101 experientia
875 1020 1139 1081 audaster
1165 1023 1453 1082 affirmare
1473 1024 1786 1102 poffumus,

79 1103 238 1184 quod
254 1102 637 1164 Protestantes
653 1102 911 1242 plerique
947 1101 1002 1161 in
1050 1103 1508 1194 quamplurimos
1543 1108 1784 1175 errore5‚

80 1183 442 1264 maximaque
462 1183 657 1263 pericu
684 1204 713 1246 a
735 1183 843 1244 sese
869 1180 1159 1261 injecerint
1182 1208 1199 1251 3
1231 1183 1520 1263 quoniam,
1545 1202 1665 1244 non
1692 1204 1790 1245 ex-

74 1267 368 1347 pe&antes
395 1264 711 1344 pleniorem
727 1264 788 1323 ὅτ
808 1263 1113 1325 clariorem
1139 1266 1269 1325 solis
1289 1280 1484 1325 ortum
1500 1264 1560 1322 δε
1578 1264 1785 1337 lucem,

79 1347 246 1406 citius
268 1344 442 1426 quam
470 1365 576 1426 par
593 1343 723 1416 fuit,
768 1366 885 1406 non
912 1346 1100 1408 solum
1121 1347 1266 1407 inter
1287 1345 1518 1426 antiqua
1547 1346 1789 1426 Papisti-

47 1496 51 1507 ι
78 1448 148 1487 ca
165 1426 388 1498 rudera,
423 1426 528 1486 ¹sed
547 1447 621 1486 ex
647 1425 777 1507 ipfis
806 1427 1100 1490 ruderibus
1119 1427 1405 1488 aedificare
1428 1427 1707 1506 incepe're.

117 1509 368 1583 ITAQJE
391 1508 674 1568 Dominus
692 1509 870 1581 Deus,
894 1510 1015 1589 qui,
1035 1508 1344 1570 secundum
1366 1508 1790 1587 beneplacitum

77 1591 264 1661 suum,
308 1589 636 1651 hominibus
662 1590 1053 1650 communicat
1077 1589 1422 1668 ampliorem
1447 1589 1508 1646 δε
1536 1589 1791 1650 luculen-

79 1671 292 1733 tiorem
311 1670 671 1752 sempiternae
689 1671 801 1732 suae
819 1670 1088 1731 veritatis*
1117 1670 1425 1739 scientiam,
1470 1669 1632 1748 hujus
1660 1668 1792 1750 gloss

78 1751 243 1813 riosae
288 1751 604 1813 admodum
655 1752 716 1811 ὅτ
772 1753 958 1812 beatae
997 1750 1344 1832 evangelicae
1376 1749 1793 1830 dispensationis

77 1832 555 1895 abundantiorem
576 1831 983 1892 revelationem
1011 1833 1083 1892 ad
1102 1831 1354 1892 nostram
1372 1831 1541 1910 usque
1560 1848 1792 1909 aetatem

84 1915 366 1974 reservare
386 1914 576 1974 voluit
596 1935 610 1972 :
654 1912 817 1989 (licet
837 1913 1100 1993 quaedam
1119 1914 1190 1972 de
1210 1912 1307 1971 illa
1326 1911 1644 1972 testimonia
1665 1935 1792 1973 om-

81 1997 141 2055 ni
161 1995 280 2055 fere
299 1994 487 2054 seculo
506 1997 582 2055 ab
610 2015 731 2053 uno
761 1994 852 2054 vel
880 1995 994 2055 alio
1020 1993 1303 2076 perhibita
1323 1992 1452 2066 fint,
1497 2010 1563 2053 ut
1599 1995 1791 2073 postea

81 2076 409 2157 apparebit)
454 2075 536 2146 δε,
580 2074 656 2136 ad
709 2075 1052 2156 ampliorem
1106 2075 1308 2157 gratiae
1354 2073 1477 2134 suae·
1519 2074 1790 2156 gloriam,

80 2174 151 2218 ut
175 2157 387 2230 nemini
413 2155 698 2236 gloriandi
716 2155 939 2217 occafio
967 2159 1343 2238 praeberetur,
1403 2176 1615 2236 paucos
1670 2156 1794 2237 qui-

82 2239 220 2299 dem
258 2238 625 2318 despicabiles
662 2237 725 2296 ὅτ,
763 2236 1060 2301 illiteratos
1102 2238 1357 2299 homines
1415 2236 1791 2308 exsuscitavit,
1815 2236 1837 2246 ⁶

85 2320 428 2400 plerumque
443 2339 719 2400 pauperes
739 2321 1113 2393 mechaniCOS,
1176 2319 1274 2399 qui
1301 2317 1463 2396 hujus
1490 2318 1797 2399 Evangelii

85 2401 488 2481 dispensatores
507 2401 716 2469 forent,
741 2421 859 2480 quo
879 2422 1074 2475 omnes
1092 2400 1361 2480 scrupuli,
1392 2400 1792 2469 dubitationeS,

87 2481 484 2553 haefitationeS,
528 2482 589 2540 ὅτ,
609 2481 954 2560 objeffiones
972 2482 1135 2562 supra
1158 2482 1328 2540 diCtae
1355 2476 1521 2539 facile
1547 2481 1608 2537 &
1636 2481 1796 2539 lucu-

87 2563 273 2623 lenter
310 2563 665 2643 explicantur
705 2563 766 2621 &
791 2563 1112 2634 solvuntur,
1180 2563 1240 2622 ὅτ
1256 2561 1490 2641 justitia,
1534 2580 1637 2619 nec
1681 2582 1794 2621 non

90 2644 473 2705 misericordia
494 2644 627 2715 Dei,
669 2643 976 2704 secundum
994 2644 1246 2705 divinam
1273 2663 1340 2702 ac
1382 2641 1663 2701 caelestem
1704 2664 1793 2702 ea-

90 2743 222 2785 rum
242 2725 624 2798 harmoniam,
667 2724 1024 2795 exhibentur,
1069 2724 1446 2793 stabiliuntur,
1490 2722 1551 2780 &
1586 2725 1797 2783 confir-

90 2821 341 2866 mantur.
382 2806 703 2866 Secundum
723 2806 879 2885 quod
906 2805 1100 2865 lumen
1119 2804 1181 2862 &
1209 2803 1611 2883 Evangelium,
1658 2805 1799 2865 ficut

87 2883 206 2960 ejus
247 2885 505 2966 cognitio
539 2886 704 2948 nobis
751 2885 1102 2947 manifestata
1137 2885 1215 2944 est
1257 2905 1360 2965 per
1387 2884 1798 2945 revelationem

90 2964 224 3045 Jesu
270 2965 479 3027 Christi
527 2966 583 3027 in
622 2967 807 3039 nobiS,
869 2967 930 3026 δε
972 2963 1209 3026 sensibili
1239 2964 1425 3026 nostra
1455 2966 1800 3045 experientia

90 3047 458 3118 confirmata,
522 3047 850 3128 internoque
897 3049 953 3107 in
1009 3046 1276 3108 cordibus
1326 3045 1525 3111 nostris
1559 3046 1801 3126 Spiritus

91 3127 282 3189 Sancti
310 3128 634 3189 testimonio
662 3130 1012 3210 consignata,
1057 3129 1153 3188 has
1180 3141 1284 3188 tres
1311 3127 1572 3206 sequentes
1609 3143 1799 3207 propo·

80 3209 290 3287 fitiones
311 3210 467 3269 certo
488 3211 795 3281 affirmare,
838 3210 899 3270 &
919 3208 1220 3269 secundum
1250 3207 1678 3287 Scripturarum·
1696 3210 1800 3271 tes-

47 3370 51 3389 1
99 3286 398 3356 timonium
426 3292 675 3377 probare
694 3311 1048 3434 nequaqpiam
1068 3290 1410 3377 dubitamus
1696 3371 1786 3432 XI

48 3394 50 3398 Α
1013 3391 1045 3449 3
1793 3416 1802 3428 .
