2086 3640
169 85 368 147 .3w
482 25 1962 125 THESJSDUODECJMA‘

247 171 455 231 rectius
505 169 946 235 instruebantur,
1008 165 1473 226 condemnabant
1511 166 1696 226 illurn.
1779 168 1840 226 Si
1878 188 1979 227 au-

246 267 368 311 tem
412 249 841 332 Apostolorum
882 245 1172 317 educatio,
1235 245 1376 304 dum
1426 246 1617 324 Judaei
1651 247 1980 319 existerent,

190 354 192 357 ’
246 352 567 410 eorumque
610 327 964 411 propenfit‘as
1004 327 1273 406 Juda'icae
1322 326 1586 406 religioni
1629 327 1976 400 adhaerendi,

245 414 327 472 ita
371 411 801 471 caementaverit
845 429 962 480 e03,
1010 408 1183 469 etiarn
1228 407 1358 488 post
1404 408 1614 468 Christi
1658 409 1983 470 resurrecti-

246 513 421 555 onem
459 493 520 551 &
567 491 809 572 Spiritus
856 489 1214 560 effufionem,
1279 505 1346 548 ut
1384 490 1650 568 gentium
1692 489 1984 550 admiffio-

247 595 381 635 nem
431 573 491 631 &
534 572 919 652 receptionem
967 570 1116 631 ferre
1151 572 1252 630 vix
1283 570 1526 651 poffent,
1572 570 1709 631 licet
1729 570 1987 630 Christus

247 654 452 714 diserte
500 655 576 713 eis
606 653 916 715 mandasset
957 668 1025 714 ut
1069 669 1266 732 gentes
1306 651 1600 723 docerent,
1641 671 1821 732 quare
1841 652 1990 735 {ma-

250 736 340 815 gis
381 736 688 796 absurdum
752 734 921 807 foret,
986 735 1026 795 fi
1065 733 1456 814 judicaremus
1480 777 1499 804 ,
1563 731 1724 813 quod
1776 732 1987 792 eodem

250 838 446 877 errore
475 817 652 887 ducti,
699 819 834 876 cum
882 815 1161 897 praecipui
1201 835 1403 875 eorum
1451 813 1663 874 fuerint
1705 814 1985 893 Johannis

250 899 532 978 discipuli,
578 899 639 957 &
690 896 1002 977 baptismus
1050 896 1167 976 ejus
1211 897 1356 956 inter
1404 896 1639 974 Judaeos
1682 895 1988 975 tantopere

253 979 655 1051 aestimaretur,
686 978 913 1055 ‚Christi
962 977 1333 1058 baptismum,
1378 980 1456 1037 ab
1498 977 1621 1057 ipso
1660 974 1732 1035 de
1776 976 1990 1057 Spiritu

252 1058 640 1131 intellectum,
682 1060 765 1118 illi
793 1060 866 1119 de
894 1059 1038 1140 aqua
1061 1058 1280 1118 dictum
1310 1058 1598 1129 senserint,
1641 1056 1801 1137 quod
1837 1057 1992 1136 Bap-

254 1142 419 1202 tisma
458 1141 733 1220 Johannis
781 1155 924 1212 erat,
967 1140 1208 1220 ideoque
1243 1161 1352 1219 pro
1402 1157 1666 1220 tempore
1710 1138 1857 1218 aqua
1905 1138 1989 1198 ufi

256 1221 381 1282 lint.
467 1223 691 1282 Sufficit
747 1222 934 1292 nobis,
1000 1221 1159 1300 quod
1212 1220 1253 1277 fi
1297 1220 1351 1281 in
1394 1221 1498 1280 tali
1544 1239 1740 1280 errore
1779 1218 1993 1280 fuerint
2044 1282 2048 1294 ‚

255 1307 445 1377 (cave,
514 1318 678 1383 putes
721 1324 813 1363 me
855 1304 1167 1374 affirmare,
1214 1302 1371 1381 quod
1415 1301 1652 1380 fuerint)
1692 1322 1811 1360 non
1847 1302 1992 1366 sem-
2061 1346 2065 1367 2

256 1405 361 1462 per
399 1385 457 1442 in
499 1385 701 1444 eodem
742 1383 1094 1450 manserint3
1140 1384 1393 1461 alioquin
1434 1385 1638 1445 Petrus
1666 1380 1784 1441 non
1820 1382 1992 1442 dixis-

257 1464 356 1532 set,
405 1465 778 1544 baptismum,
825 1485 921 1543 quo
962 1485 1096 1523 nunc
1129 1463 1284 1540 salvi
1315 1465 1462 1541 faffl
1503 1465 1709 1542 sumus,
1753 1485 1855 1523 non
1885 1464 1995 1523 effe

257 1545 576 1608 ablutionem
603 1546 839 1624 sordium
867 1545 1063 1613 carnis,
1111 1544 1266 1621 quod
1309 1544 1463 1603 certe
1484 1564 1652 1623 aquae
1679 1544 1998 1622 baptismus

257 1625 354 1685 est.
444 1627 556 1687 Sed
595 1642 895 1706 praeterea,
962 1626 1020 1684 in
1077 1624 1187 1684 hoc
1247 1624 1499 1684 multum
1547 1641 1780 1706 urgent,
1837 1624 1997 1705 quod
2046 1687 2065 1693 ,,

249 1708 468 1767 >Petrus
511 1706 845 1766 Cornelium
887 1704 1296 1785 baptizaverit,
1365 1705 1420 1763 in
1457 1725 1578 1786 quo
1603 1707 1721 1766 duo
1762 1721 1993 1786 urgent,
2039 1711 2048 1736 ³

255 1788 473 1867 primo,
541 1788 698 1869 quod
756 1789 937 1848 utitur
979 1786 1267 1866 baptismo
1315 1807 1479 1867 aquae
1527 1788 1706 1848 etiam
1748 1787 1831 1857 iis,
1897 1788 2000 1868 qui

255 1870 538 1950 Spiritum
569 1884 915 1949 receperant.
999 1867 1286 1939 Secundo,
1332 1868 1491 1947 quod
1514 1868 1717 1929 diserte
1745 1868 1994 1940 dicatur,

257 1951 420 2028 quod
447 1949 669 2028 jufferit
705 1970 800 2008 eos
838 1949 1149 2028 baptizari,
1198 1949 1334 2008 Aet.
1363 1971 1419 2010 x.
1452 1967 1553 2028 47,
1597 1953 1698 2026 48.
1727 1949 1838 2009 ·sed
1858 1969 1996 2010 neu-

255 2045 414 2090 trum
456 2032 666 2089 horum
705 2030 1010 2090 necessario
1052 2031 1286 2108 probat,
1332 2051 1496 2109 aquae
1541 2030 1894 2111 baptismum
1923 2030 1998 2091 ad

257 2112 399 2171 novi
438 2109 673 2169 foederis
721 2110 1188 2189 dispensationem
1226 2111 1535 2190 pertinere,
1580 2132 1762 2190 neque
1791 2131 1997 2191 perpe-

258 2206 427 2251 tuum
455 2191 514 2250 &
543 2211 880 2271 permanens
911 2190 1233 2250 institutum
1274 2192 1381 2250 effe
1421 2191 1479 2249 in
1508 2191 1742 2252 ecclesia
1766 2193 1996 2252 Christi.
2032 2235 2043 2270 3

261 2272 466 2349 Primo
505 2275 657 2332 enim
700 2273 815 2331 hoc
854 2270 992 2331 nihil
1042 2271 1292 2351 amplius
1329 2271 1574 2343 evincet,
1619 2273 1806 2354 quam·
1837 2273 2001 2354 quod·

259 2354 466 2414 Petrus
508 2374 617 2433 pro
646 2353 749 2433 illo
770 2370 1035 2432 tempore
1055 2352 1211 2411 viros
1246 2352 1374 2412 illos
1404 2353 1834 2433 baptizaverit,
1880 2355 1994 2431 sed,
2021 2389 2043 2455 ‘5

258 2435 419 2515 quod
461 2433 659 2494 fecerit
695 2433 754 2492 id
794 2437 997 2494 virtute
1023 2432 1280 2512 mandati,
1328 2435 1550 2500 Matth:
1579 2434 1777 2496 xxviii.
1810 2434 1997 2496 adhuc
2027 2450 2041 2478 '⁵

255 2517 628 2596 probandum
659 2515 850 2587 restat,
897 2514 960 2572 &
979 2515 1279 2595 quomodo
1316 2515 1440 2575 usus
1470 2516 1636 2595 hujus
1656 2536 1823 2599 aquae
1855 2467 2043 2599 bap-i

257 2597 431 2669 tismi,
476 2596 607 2676 post
643 2612 963 2675 receptum*
986 2596 1267 2676 Spiritum
1315 2596 1596 2669 sanetum,
1719 2596 1996 2678 rpetuita-
2016 2595 2041 2686 3

257 2695 379 2738 tem
420 2677 537 2756 ejus
579 2677 847 2756 baptismi
895 2679 1131 2757 probet,
1185 2678 1316 2757 plus
1366 2678 1543 2757 quam
1585 2618 1717 2739 tiliis2
1752 2681 1998 2740 circum·
2023 2683 2041 2713 ⁵

257 2759 502 2829 cifioniS,
548 2759 914 2838 aliorumque
956 2757 1234 2842 legalium
1276 2758 1514 2831 rituum,
1568 2779 1712 2842 quos
1742 2775 1904 2840 patet
1924 2760 1996 2822 il.-

258 2839 383 2900 lum
431 2840 607 2899 etiarn
648 2839 843 2918 postea
871 2838 1206 2911 observasse,
1258 2840 1444 2900 adhuc
1481 2860 1599 2902 non
1616 2840 1832 2901 video:
1877 2861 1992 2902 non

258 2928 474 2982 mirum
514 2920 618 2990 est,
684 2919 728 2976 fi
770 2920 996 2992 PetrUS,
1059 2921 1149 2981 cui
1198 2921 1344 2982 adeo
1392 2923 1606 2983 durum
1661 2921 1989 2992 videbatur,

258 3002 419 3082 quod
446 3017 643 3080 gentes
663 3001 970 3082 participes
989 3002 1196 3062 fierent
1228 3002 1556 3084 Evangelii,
1582 3004 1644 3062 ὅτ
1662 3003 1761 3084 qui
1781 3002 1991 3081 magna

257 3083 622 3152 difficultate,
664 3081 726 3139 δε
774 3103 889 3142 non
940 3082 1054 3142 fine
1096 3082 1342 3164 impulsu
1378 3084 1558 3163 quam
1599 3081 1990 3146 extraordina-

260 3164 369 3233 rio,
422 3161 611 3222 induci
650 3164 864 3241 potuit,
922 3179 990 3223 ut
1029 3185 1124 3223 eos
1173 3164 1354 3224 adiret
1396 3166 1457 3222 δε
1499 3185 1630 3226 cum
1679 3163 1742 3223 iis
1768 3162 1984 3236 ederet,

258 3260 427 3324 aptus
454 3242 732 3305 fuit'hanc
752 3244 865 3307 illis
894 3246 1282 3311 ceremoniam
1304 3246 1625 3328 imponere,
1664 3247 1987 3385 quae,fct1n1

1840 3341 1986 3391 uerit
