2086 3640
279 120 390 193 148
493 113 863 176 THESJS
907 113 1327 195 QUINTA
1362 113 1430 176 &
1473 103 1819 174 SEXTA.

171 215 177 216 7
272 223 428 280 dono
471 218 531 276 δε
586 216 768 298 gratia
819 218 1029 278 Christi
1077 218 1136 279 in
1165 218 1293 289 illis,
1339 214 1616 278 efficiente
1649 217 1779 276 illos
1810 217 1994 296 justos

272 303 333 360 &
364 300 599 369 sancto'S,
646 297 781 356 licet
799 298 1065 377 distincte*
1086 320 1203 359 non
1220 299 1414 371 sciant,
1447 298 1713 358 morte&
1743 301 1994 376 paffione

273 381 408 460 erS,
468 379 566 459 qui
604 377 1028 460 Hierosolymis
1066 377 1367 440 crucifixus
1409 379 1507 449 est,
1570 380 1683 437 hoc
1719 378 1824 438 fibi
1859 399 1997 457 pro-

273 474 564 529 curatum,
611 459 926 539 praesertim
973 457 1014 517 fi
1057 460 1199 520 hanc
1227 461 1513 520 scientiam
1544 460 1699 518 Deus
1748 457 1824 517 eis
1864 458 1996 517 fim-

274 539 502 620 pliciter
538 539 619 598 im
667 539 947 601 offibilem
983 539 1217 601 fecerit,
1283 540 1422 600 ficut
1470 539 1639 600 multi
1669 558 1890 597 veneno
1934 539 1997 597 in

273 620 499 680 vietum
550 620 606 679 in
633 619 729 679 uso
773 638 1031 700 pereunt,
1077 622 1211 683 licet
1248 643 1352 681 nec
1379 622 1545 702 quale
1582 620 1651 679 fit
1689 632 1998 690 venenum,

273 721 379 761 nec
422 700 452 758 Ξι
500 721 617 781 quo
663 698 905 761 infusum
946 703 1163 763 sciant:
1205 701 1310 762 Sic
1350 722 1420 762 ex
1473 701 1581 761 alia
1622 715 1786 781 parte
1828 700 2000 759 multi

274 782 541 842 sanantur
581 783 656 842 ab
705 781 1134 845 infirmitatibus
1184 783 1347 843 bonis
1385 781 1830 853 medicamentiS,
1864 781 1998 861 “qui,

275 861 577 942 quomodo
610 860 889 923 medicina
928 880 1272 946 praeparata,
1317 862 1410 922 vel
1459 883 1530 923 ex
1577 861 1782 942 quibus
1829 862 2003 941 phar-

278 942 455 1002 macis
505 942 822 1024 composita
872 946 962 1015 fit,
1027 945 1089 1003 &
1129 945 1251 1025 quis
1305 963 1371 1002 ea
1412 941 1781 1023 praeparavit,
1853 943 2003 1022 saepe

276 1024 528 1083 nesciunt
557 1046 571 1083 :
617 1025 768 1084 idem
791 1025 1038 1086 obtineri
1065 1025 1121 1086 in
1147 1024 1527 1107 spiritualibus
1555 1021 1766 1104 potest,
1812 1037 1879 1081 ut
1898 1042 2005 1101 po-

278 1103 388 1162 stea
432 1103 714 1183 probabo.
774 1140 777 1143 -

299 1260 302 1262 v
362 1186 594 1245 XXVI.
642 1187 890 1259 PniMo,
937 1185 978 1246 fi
1001 1187 1125 1249 haec
1146 1200 1378 1248 externa
1401 1186 1626 1246 scientia
1653 1183 1796 1245 adeo
1823 1184 2010 1245 neces-

279 1265 419 1325 saria
463 1266 565 1337 est,
630 1282 696 1325 ut
735 1267 804 1326 de
845 1269 1219 1330 essentialibus
1256 1269 1442 1328 salutis
1498 1264 1865 1326 existimanda
1914 1265 2004 1335 fit,

279 1360 419 1405 tunc
459 1367 633 1405 nemo
665 1348 874 1426 absque
919 1350 1015 1409 illa
1057 1349 1266 1409 servari
1306 1349 1488 1429 posset
1521 1373 1539 1415 3
1582 1346 1677 1406 sed
1705 1345 2008 1405 adversarii

260 1445 397 1507 *non
433 1443 663 1506 negant,
727 1428 845 1487 imo
876 1427 1042 1489 facile
1070 1430 1343 1501 fatentur,
1408 1429 1623 1490 multos
1670 1424 2010 1486 infantes&

280 1505 479 1565 surdos
508 1507 714 1586 absque
756 1509 817 1566 ea
846 1509 1085 1569 servari:
1131 1511 1224 1570 hic
1266 1511 1446 1590 igitur
1484 1507 1813 1590 generalem
1862 1508 2010 1566 hanc

278 1587 547 1665 regulam
594 1588 1107 1668 transgrediuntur,
1173 1591 1235 1648 &
1265 1591 1505 1650 salutem
1547 1589 1661 1650 sine
1701 1587 1799 1647 illa
1920 1590 2011 1648 ffi-

282 1666 462 1726 bilem
507 1667 739 1728 faciunt.
824 1670 1031 1751 Neque
1063 1670 1316 1749 allegare
1360 1670 1591 1751 poffunt
1626 1670 1734 1729 hos
1772 1666 1827 1725 in
1856 1683 2013 1727 antes

281 1748 513 1820 servari,
559 1748 691 1829 quia
731 1749 1055 1812 innocentes
1103 1752 1164 1810 &
1208 1766 1449 1833 peccato
1478 1771 1592 1811 non
1636 1748 2043 1810 contaminatia

283 1828 431 1899 sunt,
477 1831 613 1888 cum
643 1849 839 1889 omnes
859 1831 1118 1904 infanteS,
1167 1833 1322 1893 Adae
1359 1833 1580 1913 peccati
1609 1829 1797 1901 causa,
1845 1844 2013 1889 aeter·

285 1928 376 1967 nae
419 1908 794 1969 damnationis
842 1931 965 1971 reos
1012 1913 1268 1973 sentiant.
1352 1914 1435 1972 Et
1473 1913 1544 1972 de
1584 1911 1760 1972 surdis
1800 1930 2015 1990 nequa-

284 2009 462 2068 quam
483 1989 865 2050 dubitandum
899 1993 998 2063 est,
1046 1993 1166 2053 imo
1183 1993 1535 2074 experientia
1555 1991 1809 2073 quotidie
1828 1991 2015 2052 osten-

285 2070 393 2141 dit,
439 2091 538 2130 eos
583 2071 914 2131 criminibus
953 2073 1014 2132 &
1054 2075 1323 2153 peccatiS,
1366 2089 1435 2133 ut
1459 2073 1588 2134 sunt
1614 2072 1714 2132 alii
1732 2071 2012 2142 homineS,

285 2152 396 2209 effe
436 2151 733 2212 obnoxios
820 2153 879 2212 Si
914 2153 1161 2225 dicatur,
1223 2155 1459 2214 infantes
1493 2153 1626 2215 illos
1673 2153 1781 2213 effe
1826 2151 2015 2211 fideli-

287 2252 391 2291 um
420 2248 723 2312 parentum
744 2232 953 2293 liberos
980 2259 997 2301 ;
1042 2235 1179 2315 quid
1208 2235 1335 2295 inde
1365 2234 1387 2294 ?
1434 2235 1576 2297 Non
1603 2234 1794 2294 dicent
1830 2232 2016 2292 fideli-

286 2331 393 2370 um
433 2313 739 2374 infantibus
767 2314 796 2371 Ξι
830 2315 1161 2394 parentibus
1187 2317 1437 2397 gratiam
1475 2314 1797 2378 transmitti.
1845 2314 2016 2374 Non·

289 2411 374 2452 ne'
401 2395 503 2452 hos
539 2393 731 2453 etiam⁴
759 2396 912 2456 Adae
951 2396 1256 2476 iniquitatis
1299 2418 1422 2457 reos
1458 2396 1730 2467 fatentur,
1766 2395 1855 2453 ·&
1899 2395 2016 2454 ori-

289 2473 468 2552 ginali
498 2488 736 2554 peccato
776 2477 1214 2553 contaminatOS,
1261 2477 1402 2538 ficut
1438 2478 1534 2538 alii
1569 2476 1910 2538 declarant?
1954 2476 2015 2535 Si
2062 2484 2066 2489 “

289 2554 561 2625 dixerint,
605 2556 800 2615 surdos
841 2555 1342 2638 figniffivangelii
1367 2559 1644 2620 senfibiles
1667 2557 1791 2617 fieri
1813 2557 1969 2637 poffe
1995 2581 2042 2624 3·
2084 2609 2086 2638 ἐ

292 2634 394 2694 ista
422 2635 616 2695 omnia
646 2636 803 2715 figna
842 2658 957 2697 non
999 2639 1300 2710 sufficiunt,
1343 2640 1672 2720 explicitam
1716 2638 2015 2699 historiam
2084 2643 2086 2651 ’

294 2716 518 2787 mortiS,
565 2719 826 2796 pastionis
870 2719 931 2776 &
981 2720 1395 2780 resurreetionis
1444 2721 1655 2781 Christi
1696 2719 2037 2780 communi--

294 2815 441 2856 care.
531 2797 761 2880 Qibus
804 2799 956 2858 enim
1013 2799 1180 2880 fignis
1219 2802 1391 2862 surdo
1440 2801 1747 2882 significari
1803 2799 2040 2881 potest,-·

294 2876 484 2936 filium
539 2877 647 2936 Dei
684 2895 951 2939 naturam
1002 2881 1250 2940 hominis
1291 2882 1649 2962 affumpfiffe,
1715 2883 1745 2941 ὲ
1797 2879 2018 2960 virgine

296 2974 497 3017 natum
539 2957 719 3030 fuiffe,
785 2961 886 3020 sub
938 2961 1150 3022 Pontio
1192 2963 1382 3024 Pilato
1435 2965 1655 3045 passum
1703 2965 1810 3024 effe
1847 2962 1870 3019 ?
1934 2958 2039 3018 Et·

296 3037 431 3096 licet
471 3038 657 3098 adhuc
678 3040 1015 3120 allegarent,
1061 3044 1168 3102 esse
1191 3044 1294 3103 hos
1331 3045 1387 3104 in
1425 3046 1653 3125 gremio
1679 3041 1927 3102 ecclefiae
1955 3040 2020 3098 δε

297 3116 370 3173 de
417 3119 791 3179 Sacramentis
839 3123 1202 3203 participare,
1270 3126 1396 3185 haec
1431 3126 1624 3186 omnia
1665 3138 1886 3182 certum
1942 3120 2026 3180 ad

296 3195 535 3254 salutem
584 3199 819 3259 titulum
874 3203 1110 3263 minime
1160 3206 1436 3266 tribuunt.
1519 3207 1902 3274 Sacramenta,
1950 3218 2019 3261 ut

300 3273 539 3355 ipsimet-
571 3278 952 3349 Protestantes
994 3282 1263 3357 fatentur,
1308 3286 1556 3365 gratiam
1590 3305 1654 3348 ex
1702 3301 1852 3364 opere
1897 3299 2019 3359 ope-

1893 3374 2016 3424 rato
