<?xml version="1.0" encoding="UTF-8"?>
<!DOCTYPE html PUBLIC "-//W3C//DTD XHTML 1.0 Transitional//EN"
    "http://www.w3.org/TR/xhtml1/DTD/xhtml1-transitional.dtd">
<html xmlns="http://www.w3.org/1999/xhtml" xml:lang="en" lang="en">
 <head>
  <title>
</title>
<meta http-equiv="Content-Type" content="text/html;charset=utf-8" />
  <meta name='ocr-system' content='tesseract 3.04.00' />
  <meta name='ocr-capabilities' content='ocr_page ocr_carea ocr_par ocr_line ocrx_word'/>
</head>
<body>
  <div class='ocr_page' id='page_1' title='image "./theologiaeverech00barcuoft_0167.png"; bbox 0 0 2086 3640; ppageno 0'>
   <div class='ocr_carea' id='block_1_1' title="bbox 0 801 7 1691">
    <p class='ocr_par' dir='ltr' id='par_1_1' title="bbox 0 801 7 1691">
     <span class='ocr_line' id='line_1_1' title="bbox 0 801 7 1691; baseline 0 0"><span class='ocrx_word' id='word_1_1' title='bbox 0 801 7 1691; x_wconf 95' lang='lat' dir='ltr'> </span> 
     </span>
    </p>
   </div>
   <div class='ocr_carea' id='block_1_2' title="bbox 210 91 1809 186">
    <p class='ocr_par' dir='ltr' id='par_1_2' title="bbox 210 91 1809 186">
     <span class='ocr_line' id='line_1_2' title="bbox 210 91 1809 186; baseline -0.005 -26"><span class='ocrx_word' id='word_1_2' title='bbox 210 101 300 160; x_wconf 86' lang='lat' dir='ltr'>De</span> <span class='ocrx_word' id='word_1_3' title='bbox 338 97 723 186; x_wconf 63' lang='lat' dir='ltr'>universali&amp;</span> <span class='ocrx_word' id='word_1_4' title='bbox 749 95 1033 179; x_wconf 54' lang='lat' dir='ltr'>salutifero</span> <span class='ocrx_word' id='word_1_5' title='bbox 1057 94 1252 157; x_wconf 82' lang='lat' dir='ltr'>lumine</span> <span class='ocrx_word' id='word_1_6' title='bbox 1270 93 1399 174; x_wconf 88' lang='lat' dir='ltr'>Jesu</span> <span class='ocrx_word' id='word_1_7' title='bbox 1422 91 1640 171; x_wconf 79' lang='lat' dir='ltr'>Christi.</span> <span class='ocrx_word' id='word_1_8' title='bbox 1697 111 1809 171; x_wconf 84' lang='lat'>139</span> 
     </span>
    </p>
   </div>
   <div class='ocr_carea' id='block_1_3' title="bbox 33 204 1878 3293">
    <p class='ocr_par' dir='ltr' id='par_1_3' title="bbox 0 204 1878 3293">
     <span class='ocr_line' id='line_1_3' title="bbox 86 204 1814 286; baseline -0.002 -19"><span class='ocrx_word' id='word_1_9' title='bbox 86 208 324 268; x_wconf 89' lang='lat' dir='ltr'>demum</span> <span class='ocrx_word' id='word_1_10' title='bbox 361 209 572 269; x_wconf 76' lang='lat' dir='ltr'>verbis,</span> <span class='ocrx_word' id='word_1_11' title='bbox 617 206 752 286; x_wconf 89' lang='lat' dir='ltr'>Joh.</span> <span class='ocrx_word' id='word_1_12' title='bbox 784 205 859 267; x_wconf 88' lang='lat' dir='ltr'>iii.</span> <span class='ocrx_word' id='word_1_13' title='bbox 886 227 942 283; x_wconf 83' lang='lat'>3.</span> <span class='ocrx_word' id='word_1_14' title='bbox 987 207 1181 276; x_wconf 88' lang='lat' dir='ltr'>Amen,</span> <span class='ocrx_word' id='word_1_15' title='bbox 1227 226 1378 264; x_wconf 85' lang='lat' dir='ltr'>amen</span> <span class='ocrx_word' id='word_1_16' title='bbox 1407 205 1516 265; x_wconf 85' lang='lat' dir='ltr'>dico</span> <span class='ocrx_word' id='word_1_17' title='bbox 1553 205 1670 277; x_wconf 81' lang='lat' dir='ltr'>tibi,</span> <span class='ocrx_word' id='word_1_18' title='bbox 1714 204 1814 282; x_wconf 78' lang='lat' dir='ltr'>nist</span> 
     </span>
     <span class='ocr_line' id='line_1_4' title="bbox 87 286 1814 370; baseline -0.002 -22"><span class='ocrx_word' id='word_1_19' title='bbox 87 293 203 369; x_wconf 86' lang='lat' dir='ltr'>quis</span> <span class='ocrx_word' id='word_1_20' title='bbox 242 305 457 352; x_wconf 86' lang='lat' dir='ltr'>renatus</span> <span class='ocrx_word' id='word_1_21' title='bbox 485 292 661 370; x_wconf 85' lang='lat' dir='ltr'>fuerit</span> <span class='ocrx_word' id='word_1_22' title='bbox 694 286 973 366; x_wconf 69' lang='lat' dir='ltr'><em>defiarsum‚</em></span> <span class='ocrx_word' id='word_1_23' title='bbox 1038 309 1139 347; x_wconf 89' lang='lat' dir='ltr'>non</span> <span class='ocrx_word' id='word_1_24' title='bbox 1171 288 1335 364; x_wconf 84' lang='lat' dir='ltr'>potest</span> <span class='ocrx_word' id='word_1_25' title='bbox 1371 287 1555 346; x_wconf 83' lang='lat' dir='ltr'>videre</span> <span class='ocrx_word' id='word_1_26' title='bbox 1599 306 1814 368; x_wconf 86' lang='lat' dir='ltr'>regnum</span> 
     </span>
     <span class='ocr_line' id='line_1_5' title="bbox 33 366 1817 448; baseline -0.003 -17"><span class='ocrx_word' id='word_1_27' title='bbox 33 423 37 425; x_wconf 18' lang='grc' dir='ltr'><strong><em>Δ</em></strong></span> <span class='ocrx_word' id='word_1_28' title='bbox 87 371 212 431; x_wconf 75' lang='lat' dir='ltr'>Dei.</span> <span class='ocrx_word' id='word_1_29' title='bbox 297 373 421 432; x_wconf 92' lang='lat' dir='ltr'>Hic</span> <span class='ocrx_word' id='word_1_30' title='bbox 449 387 643 432; x_wconf 88' lang='lat' dir='ltr'>autem</span> <span class='ocrx_word' id='word_1_31' title='bbox 670 384 869 448; x_wconf 86' lang='lat' dir='ltr'>partus</span> <span class='ocrx_word' id='word_1_32' title='bbox 896 388 1010 426; x_wconf 91' lang='lat' dir='ltr'>non</span> <span class='ocrx_word' id='word_1_33' title='bbox 1041 369 1111 428; x_wconf 89' lang='lat' dir='ltr'>fit</span> <span class='ocrx_word' id='word_1_34' title='bbox 1146 366 1378 428; x_wconf 71' lang='lat' dir='ltr'>externa</span> <span class='ocrx_word' id='word_1_35' title='bbox 1407 366 1817 447; x_wconf 84' lang='lat' dir='ltr'>praedicatione</span> 
     </span>
     <span class='ocr_line' id='line_1_6' title="bbox 39 447 1814 534; baseline -0.001 -24"><span class='ocrx_word' id='word_1_36' title='bbox 39 488 42 491; x_wconf 93' lang='lat'><em>-</em></span> <span class='ocrx_word' id='word_1_37' title='bbox 87 451 413 534; x_wconf 84' lang='lat' dir='ltr'><strong>Evangelii,</strong></span> <span class='ocrx_word' id='word_1_38' title='bbox 455 453 549 512; x_wconf 87' lang='lat' dir='ltr'>seu</span> <span class='ocrx_word' id='word_1_39' title='bbox 577 448 801 509; x_wconf 67' lang='lat' dir='ltr'>scientia</span> <span class='ocrx_word' id='word_1_40' title='bbox 840 449 1073 520; x_wconf 91' lang='lat' dir='ltr'>Christi,</span> <span class='ocrx_word' id='word_1_41' title='bbox 1119 450 1213 508; x_wconf 92' lang='lat' dir='ltr'>vel</span> <span class='ocrx_word' id='word_1_42' title='bbox 1260 447 1524 508; x_wconf 64' lang='lat' dir='ltr'>historica</span> <span class='ocrx_word' id='word_1_43' title='bbox 1560 447 1617 508; x_wconf 91' lang='lat' dir='ltr'>in</span> <span class='ocrx_word' id='word_1_44' title='bbox 1646 447 1814 509; x_wconf 87' lang='lat' dir='ltr'>illum</span> 
     </span>
     <span class='ocr_line' id='line_1_7' title="bbox 86 528 1817 614; baseline -0.002 -21"><span class='ocrx_word' id='word_1_45' title='bbox 86 533 223 606; x_wconf 86' lang='lat' dir='ltr'>fide,</span> <span class='ocrx_word' id='word_1_46' title='bbox 290 553 464 614; x_wconf 89' lang='lat' dir='ltr'>quam</span> <span class='ocrx_word' id='word_1_47' title='bbox 509 529 681 591; x_wconf 87' lang='lat' dir='ltr'>multi</span> <span class='ocrx_word' id='word_1_48' title='bbox 741 530 957 591; x_wconf 87' lang='lat' dir='ltr'>habent</span> <span class='ocrx_word' id='word_1_49' title='bbox 995 530 1057 588; x_wconf 87' lang='lat'>&amp;</span> <span class='ocrx_word' id='word_1_50' title='bbox 1099 529 1347 590; x_wconf 87' lang='lat' dir='ltr'>firmiter</span> <span class='ocrx_word' id='word_1_51' title='bbox 1394 528 1651 599; x_wconf 88' lang='lat' dir='ltr'>credunt,</span> <span class='ocrx_word' id='word_1_52' title='bbox 1714 529 1817 609; x_wconf 89' lang='lat' dir='ltr'>qui</span> 
     </span>
     <span class='ocr_line' id='line_1_8' title="bbox 86 609 1816 692; baseline -0.002 -19"><span class='ocrx_word' id='word_1_53' title='bbox 86 629 279 673; x_wconf 88' lang='lat' dir='ltr'>tamen</span> <span class='ocrx_word' id='word_1_54' title='bbox 314 628 608 692; x_wconf 88' lang='lat' dir='ltr'>nunquam</span> <span class='ocrx_word' id='word_1_55' title='bbox 639 611 754 674; x_wconf 78' lang='lat' dir='ltr'>hoe.</span> <span class='ocrx_word' id='word_1_56' title='bbox 778 610 957 671; x_wconf 93' lang='lat' dir='ltr'>modo</span> <span class='ocrx_word' id='word_1_57' title='bbox 986 611 1166 670; x_wconf 89' lang='lat' dir='ltr'>renati</span> <span class='ocrx_word' id='word_1_58' title='bbox 1199 611 1343 670; x_wconf 89' lang='lat' dir='ltr'>sunt.</span> <span class='ocrx_word' id='word_1_59' title='bbox 1389 609 1656 690; x_wconf 90' lang='lat' dir='ltr'>Eousque</span> <span class='ocrx_word' id='word_1_60' title='bbox 1678 631 1816 691; x_wconf 88' lang='lat' dir='ltr'>pro-</span> 
     </span>
     <span class='ocr_line' id='line_1_9' title="bbox 83 691 1814 773; baseline -0.001 -20"><span class='ocrx_word' id='word_1_61' title='bbox 83 695 234 753; x_wconf 88' lang='lat' dir='ltr'><strong>cedit</strong></span> <span class='ocrx_word' id='word_1_62' title='bbox 275 694 597 773; x_wconf 82' lang='lat' dir='ltr'>Apostolus</span> <span class='ocrx_word' id='word_1_63' title='bbox 626 693 861 764; x_wconf 79' lang='lat' dir='ltr'>PauluS,</span> <span class='ocrx_word' id='word_1_64' title='bbox 905 691 1049 751; x_wconf 91' lang='lat' dir='ltr'>dum</span> <span class='ocrx_word' id='word_1_65' title='bbox 1091 691 1489 751; x_wconf 87' lang='lat' dir='ltr'>excellenti-am</span> <span class='ocrx_word' id='word_1_66' title='bbox 1531 693 1593 750; x_wconf 88' lang='lat'>&amp;</span> <span class='ocrx_word' id='word_1_67' title='bbox 1628 692 1814 751; x_wconf 89' lang='lat' dir='ltr'>neces-</span> 
     </span>
     <span class='ocr_line' id='line_1_10' title="bbox 82 772 1814 852; baseline -0.001 -18.045"><span class='ocrx_word' id='word_1_68' title='bbox 82 772 307 834; x_wconf 85' lang='lat' dir='ltr'>fitatem</span> <span class='ocrx_word' id='word_1_69' title='bbox 350 795 519 835; x_wconf 84' lang='lat' dir='ltr'>novae</span> <span class='ocrx_word' id='word_1_70' title='bbox 562 774 862 837; x_wconf 82' lang='lat' dir='ltr'>creationis</span> <span class='ocrx_word' id='word_1_71' title='bbox 899 773 1297 849; x_wconf 80' lang='lat' dir='ltr'>commendat,</span> <span class='ocrx_word' id='word_1_72' title='bbox 1341 787 1408 830; x_wconf 93' lang='lat' dir='ltr'>ut</span> <span class='ocrx_word' id='word_1_73' title='bbox 1442 772 1697 852; x_wconf 89' lang='lat' dir='ltr'>quodam</span> <span class='ocrx_word' id='word_1_74' title='bbox 1727 793 1814 833; x_wconf 90' lang='lat' dir='ltr'>re-</span> 
     </span>
     <span class='ocr_line' id='line_1_11' title="bbox 80 851 1815 935; baseline 0 -23"><span class='ocrx_word' id='word_1_75' title='bbox 80 851 276 934; x_wconf 65' lang='lat' dir='ltr'>spectu</span> <span class='ocrx_word' id='word_1_76' title='bbox 316 871 614 916; x_wconf 83' lang='lat' dir='ltr'>externam</span> <span class='ocrx_word' id='word_1_77' title='bbox 664 855 876 915; x_wconf 82' lang='lat' dir='ltr'>Christi</span> <span class='ocrx_word' id='word_1_78' title='bbox 917 854 1308 935; x_wconf 83' lang='lat' dir='ltr'>cognitionem</span> <span class='ocrx_word' id='word_1_79' title='bbox 1357 852 1663 913; x_wconf 89' lang='lat' dir='ltr'>secundum</span> <span class='ocrx_word' id='word_1_80' title='bbox 1692 874 1815 918; x_wconf 85' lang='lat' dir='ltr'>car·</span> 
     </span>
     <span class='ocr_line' id='line_1_12' title="bbox 81 934 1815 1018; baseline 0.001 -24"><span class='ocrx_word' id='word_1_81' title='bbox 81 955 215 995; x_wconf 90' lang='lat' dir='ltr'>nem</span> <span class='ocrx_word' id='word_1_82' title='bbox 257 936 541 1018; x_wconf 83' lang='lat' dir='ltr'>deponere</span> <span class='ocrx_word' id='word_1_83' title='bbox 567 936 853 1010; x_wconf 89' lang='lat' dir='ltr'>videatur,</span> <span class='ocrx_word' id='word_1_84' title='bbox 895 936 983 1007; x_wconf 82' lang='lat' dir='ltr'>his</span> <span class='ocrx_word' id='word_1_85' title='bbox 1011 936 1224 1014; x_wconf 80' lang='lat' dir='ltr'>verbiS,</span> <span class='ocrx_word' id='word_1_86' title='bbox 1272 955 1303 993; x_wconf 89' lang='lat'><strong>2</strong></span> <span class='ocrx_word' id='word_1_87' title='bbox 1332 936 1468 993; x_wconf 90' lang='lat' dir='ltr'>Cor.</span> <span class='ocrx_word' id='word_1_88' title='bbox 1490 956 1547 994; x_wconf 88' lang='lat' dir='ltr'>v.</span> <span class='ocrx_word' id='word_1_89' title='bbox 1589 934 1680 1003; x_wconf 87' lang='lat'>16,</span> <span class='ocrx_word' id='word_1_90' title='bbox 1722 951 1815 1015; x_wconf 90' lang='lat'>17.</span> 
     </span>
     <span class='ocr_line' id='line_1_13' title="bbox 82 1016 1816 1097; baseline -0.001 -21"><span class='ocrx_word' id='word_1_91' title='bbox 82 1018 275 1097; x_wconf 85' lang='lat' dir='ltr'>Itaque</span> <span class='ocrx_word' id='word_1_92' title='bbox 312 1041 402 1079; x_wconf 89' lang='lat' dir='ltr'>nos</span> <span class='ocrx_word' id='word_1_93' title='bbox 437 1041 500 1080; x_wconf 85' lang='lat' dir='ltr'>ex</span> <span class='ocrx_word' id='word_1_94' title='bbox 544 1021 637 1079; x_wconf 87' lang='lat' dir='ltr'>hoc</span> <span class='ocrx_word' id='word_1_95' title='bbox 671 1021 927 1079; x_wconf 86' lang='lat' dir='ltr'>neminem</span> <span class='ocrx_word' id='word_1_96' title='bbox 970 1022 1208 1079; x_wconf 87' lang='lat' dir='ltr'>novimus</span> <span class='ocrx_word' id='word_1_97' title='bbox 1233 1016 1517 1095; x_wconf 84' lang='lat' dir='ltr'>secundum</span> <span class='ocrx_word' id='word_1_98' title='bbox 1553 1036 1765 1076; x_wconf 83' lang='lat' dir='ltr'>carnem</span> <span class='ocrx_word' id='word_1_99' title='bbox 1792 1037 1816 1075; x_wconf 89' lang='lat'>.·</span> 
     </span>
     <span class='ocr_line' id='line_1_14' title="bbox 80 1099 1814 1180; baseline -0.002 -22"><span class='ocrx_word' id='word_1_100' title='bbox 80 1099 219 1178; x_wconf 84' lang='lat' dir='ltr'>quod</span> <span class='ocrx_word' id='word_1_101' title='bbox 238 1101 295 1178; x_wconf 88' lang='lat' dir='ltr'><em>fi</em></span> <span class='ocrx_word' id='word_1_102' title='bbox 329 1103 487 1161; x_wconf 85' lang='lat' dir='ltr'>etiam</span> <span class='ocrx_word' id='word_1_103' title='bbox 507 1105 748 1180; x_wconf 81' lang='lat' dir='ltr'>novimus</span> <span class='ocrx_word' id='word_1_104' title='bbox 785 1101 1054 1178; x_wconf 84' lang='lat' dir='ltr'>Christum</span> <span class='ocrx_word' id='word_1_105' title='bbox 1080 1099 1366 1177; x_wconf 86' lang='lat' dir='ltr'>secundum</span> <span class='ocrx_word' id='word_1_106' title='bbox 1393 1118 1622 1166; x_wconf 84' lang='lat' dir='ltr'>carnem,</span> <span class='ocrx_word' id='word_1_107' title='bbox 1676 1117 1814 1157; x_wconf 87' lang='lat' dir='ltr'>nunc</span> 
     </span>
     <span class='ocr_line' id='line_1_15' title="bbox 68 1177 1810 1262; baseline -0.002 -22"><span class='ocrx_word' id='word_1_108' title='bbox 68 1192 254 1241; x_wconf 71' lang='lat' dir='ltr'>tamen</span> <span class='ocrx_word' id='word_1_109' title='bbox 291 1203 393 1242; x_wconf 88' lang='lat' dir='ltr'>non</span> <span class='ocrx_word' id='word_1_110' title='bbox 423 1183 660 1262; x_wconf 84' lang='lat' dir='ltr'>amplius·</span> <span class='ocrx_word' id='word_1_111' title='bbox 677 1185 935 1242; x_wconf 80' lang='lat' dir='ltr'>novimus.</span> <span class='ocrx_word' id='word_1_112' title='bbox 1020 1182 1192 1261; x_wconf 86' lang='lat' dir='ltr'>Siquis</span> <span class='ocrx_word' id='word_1_113' title='bbox 1213 1183 1375 1261; x_wconf 84' lang='lat' dir='ltr'>igitur</span> <span class='ocrx_word' id='word_1_114' title='bbox 1401 1179 1471 1255; x_wconf 73' lang='lat' dir='ltr'>est</span> <span class='ocrx_word' id='word_1_115' title='bbox 1493 1180 1547 1236; x_wconf 87' lang='lat' dir='ltr'>in</span> <span class='ocrx_word' id='word_1_116' title='bbox 1577 1177 1810 1254; x_wconf 79' lang='lat' dir='ltr'>Christv,</span> 
     </span>
     <span class='ocr_line' id='line_1_16' title="bbox 77 1258 1813 1344; baseline -0.001 -24"><span class='ocrx_word' id='word_1_117' title='bbox 77 1282 222 1321; x_wconf 87' lang='lat' dir='ltr'>nova</span> <span class='ocrx_word' id='word_1_118' title='bbox 265 1278 514 1325; x_wconf 83' lang='lat' dir='ltr'>creatura</span> <span class='ocrx_word' id='word_1_119' title='bbox 556 1266 649 1340; x_wconf 72' lang='lat' dir='ltr'>cst,</span> <span class='ocrx_word' id='word_1_120' title='bbox 693 1286 802 1324; x_wconf 86' lang='lat' dir='ltr'>ecce</span> <span class='ocrx_word' id='word_1_121' title='bbox 826 1266 992 1344; x_wconf 67' lang='lat' dir='ltr'>satta</span> <span class='ocrx_word' id='word_1_122' title='bbox 1016 1266 1147 1343; x_wconf 86' lang='lat' dir='ltr'>sunt</span> <span class='ocrx_word' id='word_1_123' title='bbox 1185 1264 1361 1321; x_wconf 79' lang='lat' dir='ltr'>omnia</span> <span class='ocrx_word' id='word_1_124' title='bbox 1387 1279 1546 1320; x_wconf 84' lang='lat' dir='ltr'>nova.</span> <span class='ocrx_word' id='word_1_125' title='bbox 1636 1258 1813 1319; x_wconf 90' lang='lat' dir='ltr'>Unde</span> 
     </span>
     <span class='ocr_line' id='line_1_17' title="bbox 74 1339 1814 1426; baseline 0 -25"><span class='ocrx_word' id='word_1_126' title='bbox 74 1360 334 1422; x_wconf 86' lang='lat' dir='ltr'>apparet,</span> <span class='ocrx_word' id='word_1_127' title='bbox 401 1344 758 1425; x_wconf 87' lang='lat' dir='ltr'>Apostolum</span> <span class='ocrx_word' id='word_1_128' title='bbox 803 1343 1201 1426; x_wconf 86' lang='lat' dir='ltr'>cognitionem</span> <span class='ocrx_word' id='word_1_129' title='bbox 1244 1340 1473 1411; x_wconf 89' lang='lat' dir='ltr'>Christi,</span> <span class='ocrx_word' id='word_1_130' title='bbox 1519 1339 1675 1420; x_wconf 87' lang='lat' dir='ltr'>quafi</span> <span class='ocrx_word' id='word_1_131' title='bbox 1718 1361 1814 1401; x_wconf 87' lang='lat' dir='ltr'>ru-</span> 
     </span>
     <span class='ocr_line' id='line_1_18' title="bbox 75 1421 1814 1507; baseline 0 -26"><span class='ocrx_word' id='word_1_132' title='bbox 75 1422 347 1496; x_wconf 89' lang='lat' dir='ltr'>dimenta,</span> <span class='ocrx_word' id='word_1_133' title='bbox 393 1427 598 1506; x_wconf 87' lang='lat' dir='ltr'>quibus</span> <span class='ocrx_word' id='word_1_134' title='bbox 639 1441 883 1487; x_wconf 86' lang='lat' dir='ltr'>utuntur</span> <span class='ocrx_word' id='word_1_135' title='bbox 922 1427 1107 1507; x_wconf 90' lang='lat' dir='ltr'>pueri,</span> <span class='ocrx_word' id='word_1_136' title='bbox 1154 1424 1356 1495; x_wconf 87' lang='lat' dir='ltr'>facere,</span> <span class='ocrx_word' id='word_1_137' title='bbox 1390 1422 1620 1501; x_wconf 81' lang='lat' dir='ltr'>quibuS,</span> <span class='ocrx_word' id='word_1_138' title='bbox 1653 1421 1814 1503; x_wconf 84' lang='lat' dir='ltr'>post-</span> 
     </span>
     <span class='ocr_line' id='line_1_19' title="bbox 73 1506 1814 1590; baseline 0.001 -27"><span class='ocrx_word' id='word_1_139' title='bbox 73 1523 252 1584; x_wconf 90' lang='lat' dir='ltr'>quam</span> <span class='ocrx_word' id='word_1_140' title='bbox 295 1508 631 1573; x_wconf 88' lang='lat' dir='ltr'>eruditiores</span> <span class='ocrx_word' id='word_1_141' title='bbox 686 1506 822 1568; x_wconf 72' lang='lat' dir='ltr'>fasti</span> <span class='ocrx_word' id='word_1_142' title='bbox 860 1507 1009 1580; x_wconf 89' lang='lat' dir='ltr'>sunt,</span> <span class='ocrx_word' id='word_1_143' title='bbox 1070 1507 1257 1590; x_wconf 73' lang='lat' dir='ltr'>minus</span> <span class='ocrx_word' id='word_1_144' title='bbox 1306 1521 1548 1565; x_wconf 91' lang='lat' dir='ltr'>utuntur</span> <span class='ocrx_word' id='word_1_145' title='bbox 1594 1528 1612 1570; x_wconf 87' lang='lat'>;</span> <span class='ocrx_word' id='word_1_146' title='bbox 1676 1520 1814 1565; x_wconf 89' lang='lat' dir='ltr'>tunc</span> 
     </span>
     <span class='ocr_line' id='line_1_20' title="bbox 73 1584 1807 1668; baseline 0.001 -23"><span class='ocrx_word' id='word_1_147' title='bbox 73 1587 229 1646; x_wconf 88' lang='lat' dir='ltr'>enirn</span> <span class='ocrx_word' id='word_1_148' title='bbox 275 1586 457 1667; x_wconf 84' lang='lat' dir='ltr'>ipsam</span> <span class='ocrx_word' id='word_1_149' title='bbox 510 1589 839 1668; x_wconf 89' lang='lat' dir='ltr'>primorum</span> <span class='ocrx_word' id='word_1_150' title='bbox 896 1586 1163 1648; x_wconf 71' lang='lat' dir='ltr'>istorum⁴’</span> <span class='ocrx_word' id='word_1_151' title='bbox 1190 1600 1619 1667; x_wconf 83' lang='lat' dir='ltr'>praeceptorum</span> <span class='ocrx_word' id='word_1_152' title='bbox 1678 1584 1807 1646; x_wconf 89' lang='lat' dir='ltr'>sub-</span> 
     </span>
     <span class='ocr_line' id='line_1_21' title="bbox 75 1665 1814 1751; baseline 0.002 -27"><span class='ocrx_word' id='word_1_153' title='bbox 75 1665 340 1728; x_wconf 88' lang='lat' dir='ltr'>stantiam</span> <span class='ocrx_word' id='word_1_154' title='bbox 390 1670 449 1729; x_wconf 93' lang='lat' dir='ltr'>in</span> <span class='ocrx_word' id='word_1_155' title='bbox 497 1670 697 1730; x_wconf 88' lang='lat' dir='ltr'>animis</span> <span class='ocrx_word' id='word_1_156' title='bbox 743 1669 1045 1751; x_wconf 85' lang='lat' dir='ltr'>poffident.</span> <span class='ocrx_word' id='word_1_157' title='bbox 1129 1668 1288 1728; x_wconf 91' lang='lat' dir='ltr'>Sicut</span> <span class='ocrx_word' id='word_1_158' title='bbox 1346 1667 1530 1726; x_wconf 87' lang='lat' dir='ltr'>omnis</span> <span class='ocrx_word' id='word_1_159' title='bbox 1575 1686 1814 1746; x_wconf 86' lang='lat' dir='ltr'>compa·</span> 
     </span>
     <span class='ocr_line' id='line_1_22' title="bbox 77 1747 1811 1830; baseline 0.001 -25"><span class='ocrx_word' id='word_1_160' title='bbox 77 1747 230 1808; x_wconf 87' lang='lat' dir='ltr'>ratio</span> <span class='ocrx_word' id='word_1_161' title='bbox 260 1749 564 1821; x_wconf 88' lang='lat' dir='ltr'>claudicat,</span> <span class='ocrx_word' id='word_1_162' title='bbox 629 1750 709 1810; x_wconf 90' lang='lat' dir='ltr'>ita</span> <span class='ocrx_word' id='word_1_163' title='bbox 756 1771 938 1830; x_wconf 89' lang='lat' dir='ltr'>neque</span> <span class='ocrx_word' id='word_1_164' title='bbox 968 1752 1113 1810; x_wconf 90' lang='lat' dir='ltr'>hanc</span> <span class='ocrx_word' id='word_1_165' title='bbox 1154 1769 1257 1830; x_wconf 90' lang='lat' dir='ltr'>per</span> <span class='ocrx_word' id='word_1_166' title='bbox 1298 1748 1491 1808; x_wconf 89' lang='lat' dir='ltr'>omnia</span> <span class='ocrx_word' id='word_1_167' title='bbox 1530 1747 1811 1827; x_wconf 83' lang='lat' dir='ltr'>quadrare</span> 
     </span>
     <span class='ocr_line' id='line_1_23' title="bbox 75 1828 1810 1912; baseline 0.002 -26"><span class='ocrx_word' id='word_1_168' title='bbox 75 1831 420 1890; x_wconf 90' lang='lat' dir='ltr'>contendam</span> <span class='ocrx_word' id='word_1_169' title='bbox 451 1853 465 1891; x_wconf 75' lang='grc' dir='ltr'>ε</span> <span class='ocrx_word' id='word_1_170' title='bbox 526 1831 600 1891; x_wconf 58' lang='lat' dir='ltr'>in,</span> <span class='ocrx_word' id='word_1_171' title='bbox 625 1831 736 1892; x_wconf 92' lang='lat' dir='ltr'>hoc</span> <span class='ocrx_word' id='word_1_172' title='bbox 770 1848 956 1891; x_wconf 87' lang='lat' dir='ltr'>tamen</span> <span class='ocrx_word' id='word_1_173' title='bbox 993 1831 1258 1912; x_wconf 84' lang='lat' dir='ltr'>quadrat,</span> <span class='ocrx_word' id='word_1_174' title='bbox 1323 1829 1482 1909; x_wconf 90' lang='lat' dir='ltr'>quod</span> <span class='ocrx_word' id='word_1_175' title='bbox 1522 1828 1662 1888; x_wconf 88' lang='lat' dir='ltr'>ficut</span> <span class='ocrx_word' id='word_1_176' title='bbox 1711 1829 1810 1909; x_wconf 89' lang='lat' dir='ltr'>qui</span> 
     </span>
     <span class='ocr_line' id='line_1_24' title="bbox 74 1909 1878 1992; baseline 0.001 -24"><span class='ocrx_word' id='word_1_177' title='bbox 74 1928 292 1988; x_wconf 86' lang='lat' dir='ltr'>praeter</span> <span class='ocrx_word' id='word_1_178' title='bbox 331 1913 652 1972; x_wconf 86' lang='lat' dir='ltr'>rudimenta</span> <span class='ocrx_word' id='word_1_179' title='bbox 699 1933 816 1972; x_wconf 90' lang='lat' dir='ltr'>non</span> <span class='ocrx_word' id='word_1_180' title='bbox 865 1912 1148 1992; x_wconf 86' lang='lat' dir='ltr'>procedit,</span> <span class='ocrx_word' id='word_1_181' title='bbox 1214 1932 1504 1990; x_wconf 87' lang='lat' dir='ltr'>nunquam</span> <span class='ocrx_word' id='word_1_182' title='bbox 1555 1909 1809 1969; x_wconf 88' lang='lat' dir='ltr'>eruditus</span> <span class='ocrx_word' id='word_1_183' title='bbox 1876 1941 1878 1943; x_wconf 53' lang='lat'>&gt;</span> 
     </span>
     <span class='ocr_line' id='line_1_25' title="bbox 72 1990 1806 2074; baseline 0.003 -26"><span class='ocrx_word' id='word_1_184' title='bbox 72 1991 474 2053; x_wconf 86' lang='lat' dir='ltr'>existimandus</span> <span class='ocrx_word' id='word_1_185' title='bbox 503 1993 628 2060; x_wconf 80' lang='lat' dir='ltr'>est3</span> <span class='ocrx_word' id='word_1_186' title='bbox 672 1993 852 2074; x_wconf 84' lang='lat' dir='ltr'>&amp;qui</span> <span class='ocrx_word' id='word_1_187' title='bbox 878 1994 1079 2053; x_wconf 68' lang='lat' dir='ltr'>doctus</span> <span class='ocrx_word' id='word_1_188' title='bbox 1123 1994 1214 2062; x_wconf 84' lang='lat' dir='ltr'>fit,</span> <span class='ocrx_word' id='word_1_189' title='bbox 1260 1992 1447 2052; x_wconf 75' lang='lat' dir='ltr'>minus</span> <span class='ocrx_word' id='word_1_190' title='bbox 1485 1991 1548 2050; x_wconf 84' lang='lat' dir='ltr'>iis</span> <span class='ocrx_word' id='word_1_191' title='bbox 1586 1990 1806 2055; x_wconf 81' lang='lat' dir='ltr'>utitur:</span> 
     </span>
     <span class='ocr_line' id='line_1_26' title="bbox 74 2071 1809 2154; baseline 0.002 -24"><span class='ocrx_word' id='word_1_192' title='bbox 74 2071 152 2131; x_wconf 90' lang='lat' dir='ltr'>fic</span> <span class='ocrx_word' id='word_1_193' title='bbox 194 2073 369 2134; x_wconf 90' lang='lat' dir='ltr'>etiam</span> <span class='ocrx_word' id='word_1_194' title='bbox 416 2075 514 2154; x_wconf 89' lang='lat' dir='ltr'>qui</span> <span class='ocrx_word' id='word_1_195' title='bbox 543 2090 762 2153; x_wconf 87' lang='lat' dir='ltr'>praeter</span> <span class='ocrx_word' id='word_1_196' title='bbox 806 2090 1103 2134; x_wconf 85' lang='lat' dir='ltr'>externam</span> <span class='ocrx_word' id='word_1_197' title='bbox 1155 2073 1366 2133; x_wconf 89' lang='lat' dir='ltr'>Christi</span> <span class='ocrx_word' id='word_1_198' title='bbox 1414 2073 1809 2152; x_wconf 83' lang='lat' dir='ltr'>cognitionem</span> 
     </span>
     <span class='ocr_line' id='line_1_27' title="bbox 70 2155 1875 2236; baseline 0.001 -23"><span class='ocrx_word' id='word_1_199' title='bbox 70 2172 187 2215; x_wconf 90' lang='lat' dir='ltr'>non</span> <span class='ocrx_word' id='word_1_200' title='bbox 217 2155 609 2236; x_wconf 90' lang='lat' dir='ltr'>progreditur,</span> <span class='ocrx_word' id='word_1_201' title='bbox 656 2157 1215 2236; x_wconf 86' lang='lat' dir='ltr'>regnumcaelorum</span> <span class='ocrx_word' id='word_1_202' title='bbox 1243 2175 1534 2235; x_wconf 90' lang='lat' dir='ltr'>nunquam</span> <span class='ocrx_word' id='word_1_203' title='bbox 1559 2155 1807 2234; x_wconf 85' lang='lat' dir='ltr'>poffide-</span> <span class='ocrx_word' id='word_1_204' title='bbox 1869 2159 1875 2162; x_wconf 81' lang='grc'><em>”</em></span> 
     </span>
     <span class='ocr_line' id='line_1_28' title="bbox 74 2234 1802 2319; baseline 0.001 -25"><span class='ocrx_word' id='word_1_205' title='bbox 74 2234 179 2296; x_wconf 89' lang='lat' dir='ltr'>bit.</span> <span class='ocrx_word' id='word_1_206' title='bbox 261 2238 385 2319; x_wconf 83' lang='lat' dir='ltr'>Qi</span> <span class='ocrx_word' id='word_1_207' title='bbox 435 2253 628 2298; x_wconf 89' lang='lat' dir='ltr'>autern</span> <span class='ocrx_word' id='word_1_208' title='bbox 667 2256 888 2297; x_wconf 91' lang='lat' dir='ltr'>novum</span> <span class='ocrx_word' id='word_1_209' title='bbox 937 2237 1087 2298; x_wconf 89' lang='lat' dir='ltr'>hunc</span> <span class='ocrx_word' id='word_1_210' title='bbox 1133 2253 1371 2319; x_wconf 87' lang='lat' dir='ltr'>partum</span> <span class='ocrx_word' id='word_1_211' title='bbox 1427 2235 1802 2316; x_wconf 87' lang='lat' dir='ltr'>cognoscunt,</span> 
     </span>
     <span class='ocr_line' id='line_1_29' title="bbox 73 2314 1805 2397; baseline 0.002 -23"><span class='ocrx_word' id='word_1_212' title='bbox 73 2314 138 2373; x_wconf 76' lang='grc' dir='ltr'>δε</span> <span class='ocrx_word' id='word_1_213' title='bbox 173 2317 311 2397; x_wconf 90' lang='lat' dir='ltr'>quid</span> <span class='ocrx_word' id='word_1_214' title='bbox 351 2318 421 2377; x_wconf 91' lang='lat' dir='ltr'>fit</span> <span class='ocrx_word' id='word_1_215' title='bbox 449 2319 642 2378; x_wconf 69' lang='lat' dir='ltr'>revera</span> <span class='ocrx_word' id='word_1_216' title='bbox 687 2321 795 2380; x_wconf 80' lang='lat' dir='ltr'>efl&#39;e</span> <span class='ocrx_word' id='word_1_217' title='bbox 835 2319 894 2379; x_wconf 92' lang='lat' dir='ltr'>in</span> <span class='ocrx_word' id='word_1_218' title='bbox 923 2319 1176 2390; x_wconf 86' lang='lat' dir='ltr'>Christo,</span> <span class='ocrx_word' id='word_1_219' title='bbox 1222 2319 1297 2378; x_wconf 64' lang='grc' dir='ltr'>’ὃῑ</span> <span class='ocrx_word' id='word_1_220' title='bbox 1334 2338 1548 2379; x_wconf 89' lang='lat' dir='ltr'>novam</span> <span class='ocrx_word' id='word_1_221' title='bbox 1583 2334 1805 2378; x_wconf 78' lang='lat' dir='ltr'>creatu-</span> 
     </span>
     <span class='ocr_line' id='line_1_30' title="bbox 74 2398 1803 2481; baseline 0.002 -26"><span class='ocrx_word' id='word_1_222' title='bbox 74 2416 203 2456; x_wconf 89' lang='lat' dir='ltr'>ram</span> <span class='ocrx_word' id='word_1_223' title='bbox 236 2399 466 2471; x_wconf 88' lang='lat' dir='ltr'>habere,</span> <span class='ocrx_word' id='word_1_224' title='bbox 511 2400 574 2458; x_wconf 84' lang='lat'>&amp;</span> <span class='ocrx_word' id='word_1_225' title='bbox 601 2400 806 2481; x_wconf 91' lang='lat' dir='ltr'>quibus</span> <span class='ocrx_word' id='word_1_226' title='bbox 834 2401 1029 2461; x_wconf 89' lang='lat' dir='ltr'>omnia</span> <span class='ocrx_word' id='word_1_227' title='bbox 1061 2401 1210 2460; x_wconf 89' lang='lat' dir='ltr'>fiunt</span> <span class='ocrx_word' id='word_1_228' title='bbox 1235 2421 1406 2470; x_wconf 89' lang='lat' dir='ltr'>nova,</span> <span class='ocrx_word' id='word_1_229' title='bbox 1453 2399 1490 2457; x_wconf 91' lang='lat' dir='ltr'>ii</span> <span class='ocrx_word' id='word_1_230' title='bbox 1512 2398 1640 2457; x_wconf 78' lang='lat' dir='ltr'>tuto</span> <span class='ocrx_word' id='word_1_231' title='bbox 1671 2420 1803 2458; x_wconf 91' lang='lat' dir='ltr'>cum</span> 
     </span>
     <span class='ocr_line' id='line_1_31' title="bbox 76 2479 1801 2563; baseline 0.001 -26"><span class='ocrx_word' id='word_1_232' title='bbox 76 2479 371 2559; x_wconf 90' lang='lat' dir='ltr'>Apostolo</span> <span class='ocrx_word' id='word_1_233' title='bbox 415 2481 600 2542; x_wconf 89' lang='lat' dir='ltr'>dicere</span> <span class='ocrx_word' id='word_1_234' title='bbox 653 2484 906 2563; x_wconf 84' lang='lat' dir='ltr'>poffunt,</span> <span class='ocrx_word' id='word_1_235' title='bbox 955 2485 1012 2560; x_wconf 83' lang='lat' dir='ltr'><em>st</em></span> <span class='ocrx_word' id='word_1_236' title='bbox 1055 2484 1323 2559; x_wconf 83' lang='lat' dir='ltr'>Christum</span> <span class='ocrx_word' id='word_1_237' title='bbox 1365 2484 1690 2561; x_wconf 82' lang='lat' dir='ltr'>cognovimus</span> <span class='ocrx_word' id='word_1_238' title='bbox 1715 2485 1801 2559; x_wconf 84' lang='lat' dir='ltr'>se-</span> 
     </span>
     <span class='ocr_line' id='line_1_32' title="bbox 74 2561 1803 2636; baseline 0.001 -18"><span class='ocrx_word' id='word_1_239' title='bbox 74 2561 300 2621; x_wconf 88' lang='lat' dir='ltr'>cundum</span> <span class='ocrx_word' id='word_1_240' title='bbox 336 2584 568 2636; x_wconf 85' lang='lat' dir='ltr'>carnem,</span> <span class='ocrx_word' id='word_1_241' title='bbox 616 2585 752 2623; x_wconf 86' lang='lat' dir='ltr'>nunc</span> <span class='ocrx_word' id='word_1_242' title='bbox 806 2567 905 2623; x_wconf 82' lang='lat' dir='ltr'>&#39;am</span> <span class='ocrx_word' id='word_1_243' title='bbox 950 2586 1052 2623; x_wconf 85' lang='lat' dir='ltr'>non</span> <span class='ocrx_word' id='word_1_244' title='bbox 1094 2567 1348 2624; x_wconf 82' lang='lat' dir='ltr'>novimus.</span> <span class='ocrx_word' id='word_1_245' title='bbox 1432 2562 1589 2619; x_wconf 83' lang='lat' dir='ltr'>Haec</span> <span class='ocrx_word' id='word_1_246' title='bbox 1610 2577 1803 2620; x_wconf 85' lang='lat' dir='ltr'>autem</span> 
     </span>
     <span class='ocr_line' id='line_1_33' title="bbox 75 2588 1802 2725; baseline 0.003 -27"><span class='ocrx_word' id='word_1_247' title='bbox 75 2660 226 2702; x_wconf 89' lang='lat' dir='ltr'>nova</span> <span class='ocrx_word' id='word_1_248' title='bbox 255 2644 468 2705; x_wconf 89' lang='lat' dir='ltr'>creatio</span> <span class='ocrx_word' id='word_1_249' title='bbox 495 2646 570 2704; x_wconf 92' lang='lat' dir='ltr'>ab</span> <span class='ocrx_word' id='word_1_250' title='bbox 591 2644 753 2723; x_wconf 91' lang='lat' dir='ltr'>hujus</span> <span class='ocrx_word' id='word_1_251' title='bbox 775 2588 1000 2703; x_wconf 58' lang='lat' dir='ltr'>(uminis</span> <span class='ocrx_word' id='word_1_252' title='bbox 1029 2646 1090 2703; x_wconf 84' lang='lat'>&amp;</span> <span class='ocrx_word' id='word_1_253' title='bbox 1118 2645 1325 2725; x_wconf 85' lang='lat' dir='ltr'>gratiae</span> <span class='ocrx_word' id='word_1_254' title='bbox 1355 2662 1527 2722; x_wconf 87' lang='lat' dir='ltr'>opere</span> <span class='ocrx_word' id='word_1_255' title='bbox 1549 2641 1603 2699; x_wconf 91' lang='lat' dir='ltr'>in</span> <span class='ocrx_word' id='word_1_256' title='bbox 1628 2643 1802 2703; x_wconf 86' lang='lat' dir='ltr'>corde</span> 
     </span>
     <span class='ocr_line' id='line_1_34' title="bbox 77 2722 1800 2804; baseline 0.003 -26"><span class='ocrx_word' id='word_1_257' title='bbox 77 2723 359 2798; x_wconf 86' lang='lat' dir='ltr'>provenit.</span> <span class='ocrx_word' id='word_1_258' title='bbox 445 2725 712 2786; x_wconf 91' lang='lat' dir='ltr'>Verbum</span> <span class='ocrx_word' id='word_1_259' title='bbox 741 2725 905 2796; x_wconf 90' lang='lat' dir='ltr'>illud,</span> <span class='ocrx_word' id='word_1_260' title='bbox 951 2726 1023 2783; x_wconf 90' lang='lat' dir='ltr'>de</span> <span class='ocrx_word' id='word_1_261' title='bbox 1060 2746 1176 2804; x_wconf 91' lang='lat' dir='ltr'>quo</span> <span class='ocrx_word' id='word_1_262' title='bbox 1215 2723 1436 2803; x_wconf 90' lang='lat' dir='ltr'>loquuti</span> <span class='ocrx_word' id='word_1_263' title='bbox 1463 2722 1673 2795; x_wconf 81' lang='lat' dir='ltr'>sumuS,</span> <span class='ocrx_word' id='word_1_264' title='bbox 1720 2724 1800 2783; x_wconf 86' lang='lat' dir='ltr'>est</span> 
     </span>
     <span class='ocr_line' id='line_1_35' title="bbox 75 2800 1799 2885; baseline 0.002 -27"><span class='ocrx_word' id='word_1_265' title='bbox 75 2800 302 2874; x_wconf 89' lang='lat' dir='ltr'>vivum,</span> <span class='ocrx_word' id='word_1_266' title='bbox 362 2805 423 2863; x_wconf 74' lang='grc' dir='ltr'>ὅτ</span> <span class='ocrx_word' id='word_1_267' title='bbox 469 2822 768 2885; x_wconf 82' lang='lat' dir='ltr'>penetrans</span> <span class='ocrx_word' id='word_1_268' title='bbox 826 2826 893 2865; x_wconf 91' lang='lat' dir='ltr'>ac</span> <span class='ocrx_word' id='word_1_269' title='bbox 942 2805 1186 2865; x_wconf 88' lang='lat' dir='ltr'>infitum.</span> <span class='ocrx_word' id='word_1_270' title='bbox 1232 2806 1267 2864; x_wconf 90' lang='lat' dir='ltr'>i.</span> <span class='ocrx_word' id='word_1_271' title='bbox 1301 2827 1350 2864; x_wconf 89' lang='lat' dir='ltr'>e.</span> <span class='ocrx_word' id='word_1_272' title='bbox 1393 2808 1639 2864; x_wconf 84' lang='lat' dir='ltr'>verbum</span> <span class='ocrx_word' id='word_1_273' title='bbox 1681 2805 1799 2864; x_wconf 85' lang='lat' dir='ltr'>ani-</span> 
     </span>
     <span class='ocr_line' id='line_1_36' title="bbox 78 2882 1800 2966; baseline 0.002 -26"><span class='ocrx_word' id='word_1_274' title='bbox 78 2902 238 2943; x_wconf 90' lang='lat' dir='ltr'>mam</span> <span class='ocrx_word' id='word_1_275' title='bbox 279 2884 493 2945; x_wconf 90' lang='lat' dir='ltr'>salvare</span> <span class='ocrx_word' id='word_1_276' title='bbox 533 2902 761 2965; x_wconf 76' lang='lat' dir='ltr'>potem,</span> <span class='ocrx_word' id='word_1_277' title='bbox 807 2886 924 2966; x_wconf 75' lang='lat' dir='ltr'>quo</span> <span class='ocrx_word' id='word_1_278' title='bbox 955 2902 1151 2965; x_wconf 86' lang='lat' dir='ltr'>partus</span> <span class='ocrx_word' id='word_1_279' title='bbox 1181 2886 1271 2946; x_wconf 90' lang='lat' dir='ltr'>hic</span> <span class='ocrx_word' id='word_1_280' title='bbox 1308 2882 1651 2966; x_wconf 87' lang='lat' dir='ltr'>generatur:</span> <span class='ocrx_word' id='word_1_281' title='bbox 1696 2906 1800 2944; x_wconf 92' lang='lat' dir='ltr'>no-</span> 
     </span>
     <span class='ocr_line' id='line_1_37' title="bbox 75 2962 1797 3047; baseline 0.001 -25"><span class='ocrx_word' id='word_1_282' title='bbox 75 2962 161 3022; x_wconf 90' lang='lat' dir='ltr'>bis</span> <span class='ocrx_word' id='word_1_283' title='bbox 206 2965 383 3044; x_wconf 89' lang='lat' dir='ltr'>igitur</span> <span class='ocrx_word' id='word_1_284' title='bbox 426 2968 766 3047; x_wconf 88' lang='lat' dir='ltr'>procuravit</span> <span class='ocrx_word' id='word_1_285' title='bbox 819 2968 1076 3028; x_wconf 87' lang='lat' dir='ltr'>Christus</span> <span class='ocrx_word' id='word_1_286' title='bbox 1123 2968 1378 3029; x_wconf 66' lang='lat' dir='ltr'>sanctum</span> <span class='ocrx_word' id='word_1_287' title='bbox 1427 2968 1537 3026; x_wconf 93' lang='lat' dir='ltr'>hoc</span> <span class='ocrx_word' id='word_1_288' title='bbox 1586 2966 1797 3037; x_wconf 89' lang='lat' dir='ltr'>semen,</span> 
     </span>
     <span class='ocr_line' id='line_1_38' title="bbox 74 3046 1800 3128; baseline 0.002 -25"><span class='ocrx_word' id='word_1_289' title='bbox 74 3064 196 3124; x_wconf 91' lang='lat' dir='ltr'>quo</span> <span class='ocrx_word' id='word_1_290' title='bbox 237 3063 433 3126; x_wconf 85' lang='lat' dir='ltr'>partus</span> <span class='ocrx_word' id='word_1_291' title='bbox 462 3047 554 3107; x_wconf 92' lang='lat' dir='ltr'>hic</span> <span class='ocrx_word' id='word_1_292' title='bbox 584 3046 640 3108; x_wconf 87' lang='lat' dir='ltr'>in</span> <span class='ocrx_word' id='word_1_293' title='bbox 675 3049 838 3110; x_wconf 89' lang='lat' dir='ltr'>nobis</span> <span class='ocrx_word' id='word_1_294' title='bbox 867 3049 1303 3128; x_wconf 88' lang='lat' dir='ltr'>produceretur,</span> <span class='ocrx_word' id='word_1_295' title='bbox 1348 3048 1505 3128; x_wconf 91' lang='lat' dir='ltr'>quod</span> <span class='ocrx_word' id='word_1_296' title='bbox 1540 3048 1669 3108; x_wconf 89' lang='lat' dir='ltr'>ideo</span> <span class='ocrx_word' id='word_1_297' title='bbox 1698 3068 1800 3127; x_wconf 89' lang='lat' dir='ltr'>ap-</span> 
     </span>
     <span class='ocr_line' id='line_1_39' title="bbox 72 3126 1798 3211; baseline 0.001 -25"><span class='ocrx_word' id='word_1_298' title='bbox 72 3126 325 3206; x_wconf 85' lang='lat' dir='ltr'>pellatur</span> <span class='ocrx_word' id='word_1_299' title='bbox 361 3130 706 3208; x_wconf 67' lang='lat' dir='ltr'>manifestatio</span> <span class='ocrx_word' id='word_1_300' title='bbox 739 3130 969 3209; x_wconf 63' lang='lat' dir='ltr'>Spirittis</span> <span class='ocrx_word' id='word_1_301' title='bbox 996 3133 1268 3211; x_wconf 85' lang='lat' dir='ltr'>unicuique</span> <span class='ocrx_word' id='word_1_302' title='bbox 1294 3130 1367 3189; x_wconf 82' lang='lat' dir='ltr'>ad</span> <span class='ocrx_word' id='word_1_303' title='bbox 1391 3130 1672 3191; x_wconf 80' lang='lat' dir='ltr'>utilitatem</span> <span class='ocrx_word' id='word_1_304' title='bbox 1699 3129 1798 3188; x_wconf 77' lang='lat' dir='ltr'>dct-</span> 
     </span>
     <span class='ocr_line' id='line_1_40' title="bbox 75 3207 1797 3293; baseline 0.003 -28"><span class='ocrx_word' id='word_1_305' title='bbox 75 3219 139 3266; x_wconf 87' lang='lat' dir='ltr'>ta</span> <span class='ocrx_word' id='word_1_306' title='bbox 169 3233 188 3274; x_wconf 89' lang='lat'>·,</span> <span class='ocrx_word' id='word_1_307' title='bbox 231 3207 504 3288; x_wconf 90' lang='lat' dir='ltr'>scriptum</span> <span class='ocrx_word' id='word_1_308' title='bbox 526 3209 606 3269; x_wconf 88' lang='lat' dir='ltr'>est</span> <span class='ocrx_word' id='word_1_309' title='bbox 632 3210 805 3283; x_wconf 89' lang='lat' dir='ltr'>enim,</span> <span class='ocrx_word' id='word_1_310' title='bbox 850 3212 987 3293; x_wconf 84' lang='lat' dir='ltr'>quod</span> <span class='ocrx_word' id='word_1_311' title='bbox 1002 3234 1101 3271; x_wconf 88' lang='lat' dir='ltr'>uno</span> <span class='ocrx_word' id='word_1_312' title='bbox 1121 3213 1324 3293; x_wconf 84' lang='lat' dir='ltr'>Spiritu</span> <span class='ocrx_word' id='word_1_313' title='bbox 1358 3233 1526 3271; x_wconf 84' lang='lat' dir='ltr'>omnes</span> <span class='ocrx_word' id='word_1_314' title='bbox 1553 3215 1606 3270; x_wconf 89' lang='lat' dir='ltr'>in</span> <span class='ocrx_word' id='word_1_315' title='bbox 1635 3231 1797 3270; x_wconf 83' lang='lat' dir='ltr'>unum</span> 
     </span>
    </p>
   </div>
   <div class='ocr_carea' id='block_1_4' title="bbox 79 3291 1798 3436">
    <p class='ocr_par' dir='ltr' id='par_1_4' title="bbox 79 3291 1798 3436">
     <span class='ocr_line' id='line_1_41' title="bbox 79 3291 1798 3433; baseline 0.001 -83"><span class='ocrx_word' id='word_1_316' title='bbox 79 3305 261 3368; x_wconf 82' lang='lat' dir='ltr'>corpus</span> <span class='ocrx_word' id='word_1_317' title='bbox 295 3291 560 3372; x_wconf 80' lang='lat' dir='ltr'>baptizati</span> <span class='ocrx_word' id='word_1_318' title='bbox 602 3293 803 3373; x_wconf 69' lang='lat' dir='ltr'>fiemus.</span> <span class='ocrx_word' id='word_1_319' title='bbox 886 3292 968 3359; x_wconf 89' lang='lat' dir='ltr'>Et</span> <span class='ocrx_word' id='word_1_320' title='bbox 995 3294 1125 3357; x_wconf 90' lang='lat' dir='ltr'>huic</span> <span class='ocrx_word' id='word_1_321' title='bbox 1154 3293 1347 3357; x_wconf 84' lang='lat' dir='ltr'>semini</span> <span class='ocrx_word' id='word_1_322' title='bbox 1385 3293 1539 3354; x_wconf 89' lang='lat' dir='ltr'>hunc-</span> <span class='ocrx_word' id='word_1_323' title='bbox 1561 3308 1798 3433; x_wconf 45' lang='lat' dir='ltr'>plajrtum</span> 
     </span>
     <span class='ocr_line' id='line_1_42' title="bbox 1645 3389 1798 3436; baseline 0.007 -3"><span class='ocrx_word' id='word_1_324' title='bbox 1645 3389 1798 3436; x_wconf 83' lang='lat' dir='ltr'>etrus</span> 
     </span>
    </p>
   </div>
  </div>
 </body>
</html>
