2086 3640
219 91 343 149 440
397 62 812 129 *THESJS
871 45 1340 124 DECIMA
1403 47 1851 137 QUINT'A.

307 194 359 233 2.
407 171 686 253 QUOD
731 191 829 230 non
854 170 972 229 licet
995 169 1312 245 Christianis
1327 165 1649 247 geniculari,
1693 167 1787 225 vel
1805 186 1939 248 pro..

211 258 454 335 sternere
479 255 539 332 se
578 252 652 311 ad
694 252 938 322 homines,
983 252 1146 334 eisque
1169 266 1364 328 ⁴corpus
1399 247 1682 329 deflebtere,
1726 263 1823 311 aut
1849 271 1940 313 ca-

210 349 317 421 put
358 338 581 413 aperire.
1672 395 1678 399 ‚
1840 350 1842 353 ’

201 415 206 418 ’
307 437 360 493 3.
408 415 540 493 Q]
553 414 682 473 OD
723 433 823 473 non
887 410 1006 471 licet
1065 412 1403 488 Christianis,
1489 410 1548 467 in
1583 409 1788 470 *amittit
1845 424 1941 472 aut

223 497 471 571 vestibus,
518 495 672 554 rebus
699 494 979 573 superfluis
1014 498 1113 567 uti,
1159 515 1275 573 qnae
1313 488 1521 551 nullum
1562 491 1705 570 ufitm
1725 491 1939 564 habent,

225 578 324 655 nist
363 578 657 641 ornamenti
702 576 768 636 ἐξ
805 577 1063 634 vanitatis
1113 574 1290 656 causei.

306 678 363 730 4.
410 656 544 735 QU
558 656 689 715 OD
748 676 847 714 non
903 654 1023 714 licet
1055 656 1215 715 indis
1278 654 1346 715 62⁹
1411 650 1666 713 comaediis
1719 656 1802 712 uti
1849 650 1947 726 fieb

227 740 428 798 notione
463 739 858 806 mercationum,
925 757 1037 815 qnae
1087 758 1202 795 cum
1241 739 1535 815 gravitate,
1565 733 1800 810 stlentio‚
1875 735 1946 795 &

214 819 495 898 sobrietate
538 817 844 894 Christiana
873 819 1088 875 minime
1128 816 1469 877 concordant:
1516 815 1750 874 deridere
1785 817 1942 886 enim,

229 899 430 970 ludere,
463 901 658 980 jocari,
731 899 966 979 garrire,
1034 899 1144 957 &o
1208 919 1307 958 non
1337 899 1464 976 sunt
1521 896 1738 960 libertas
1786 897 1949 957 Chri-

218 982 426 1059 stiana,
473 979 565 1038 vel
612 982 849 1039 innocens
899 979 1101 1038 laetitia.

315 1080 369 1136 5.
417 1060 710 1138 QUOD,
772 1081 871 1118 non
909 1060 1025 1119 licet
1063 1063 1266 1119 omnino
1310 1062 1497 1137 jurare
1541 1060 1641 1135 fitb
1696 1061 1950 1142 Evange-

232 1141 325 1210 tio,
372 1163 471 1200 non
494 1141 663 1219 solum
705 1163 802 1201 non
839 1143 1002 1210 vane,
1048 1141 1140 1200 vel
1157 1144 1209 1200 in
1238 1144 1489 1200 communi
1509 1139 1773 1212 locutione,
1819 1141 1961 1222 quod

235 1227 395 1281 etiam
417 1223 518 1296 fich
568 1225 708 1301 Lege
745 1223 992 1300 Mosaicci
1033 1224 1355 1299 prohibitum
1398 1234 1536 1292 erat,
1569 1223 1843 1302 sedetiam
1861 1244 1956 1286 nec

234 1305 290 1366 in
321 1303 520 1382 judicio
566 1323 740 1361 coram
782 1305 1131 1382 Magistratu.

319 1383 373 1440 6.
419 1383 564 1459 QU
576 1384 706 1442 OD
748 1383 1064 1460 Christianis
1105 1385 1315 1444 minime
1362 1384 1478 1443 licet
1519 1384 1657 1444 malo
1694 1386 1951 1463 ressstere,

241 1484 336 1523 nec
375 1462 567 1524 bellum
599 1484 796 1543 gerere,
843 1477 936 1522 aut
971 1467 1024 1522 in
1062 1464 1170 1522 ullo
1207 1467 1323 1543 casu
1354 1480 1613 1544 pugnare.

320 1545 708 1618 PRIUSQJAM
759 1542 815 1604 in
846 1544 1250 1622 particularem
1275 1547 1479 1603 harum
1496 1543 1959 1625 propofitionum

237 1623 686 1704 disquisitionem
741 1623 1094 1695 descendam,
1168 1624 1241 1684 ad
1280 1624 1470 1684 omnia
1528 1627 1822 1686 obstacula
1870 1646 1960 1686 re·-

240 1704 545 1776 movenda,
592 1705 861 1785 quasdam
900 1704 1188 1785 generales
1219 1705 1689 1766 considerationes
1727 1707 1959 1780 addam,

238 1806 373 1865 quae
415 1806 614 1846 omnes
669 1786 964 1864 aequaliter
1008 1787 1349 1867 respiciunt3
1419 1787 1630 1846 nolim
1701 1790 1962 1867 quemvis

240 1866 580 1945 existimare,
626 1866 784 1946 quasi
826 1867 955 1927 hinc
985 1868 1573 1947 peteremusabolere
1622 1883 1856 1932 mutuam
1877 1893 1962 1933 re-

243 1948 504 2016 lationem,
577 1967 708 2024 quae
755 1948 857 2018 est,
937 1950 1029 2008 vel
1067 1949 1212 2009 inter
1256 1952 1556 2028 Principem
1593 1951 1654 2011 &
1683 1953 1961 2032 populum,

245 2030 427 2088 herum
475 2027 534 2086 &
560 2028 800 2104 servum,
836 2030 1146 2106 patrem&
1187 2030 1391 2101 liberos,
1436 2051 1840 2112 nequaquam3
1905 2034 1963 2094 in
2062 2023 2086 2082 ¹·

244 2109 331 2169 his
373 2108 640 2170 sententia
684 2108 875 2168 nostra
912 2111 1129 2170 nullam
1171 2110 1349 2170 talem
1380 2112 1834 2191 consequentiam
1865 2113 1966 2174 ha-

247 2192 369 2259 bet,
416 2189 509 2248 sed
550 2188 650 2248 illa
701 2189 906 2248 relatio
945 2191 1128 2271 magis
1157 2193 1230 2252 ab
1259 2191 1323 2250 ea
1346 2192 1745 2265 confirmatur,
1791 2214 1966 2273 quam

246 2270 571 2330 destruitur.
656 2269 877 2328 Deinde
926 2273 1119 2350 nequis
1167 2271 1408 2350 judicet,
1475 2272 1630 2352 quod
1688 2273 1718 2331 a
1778 2274 1967 2335 nostra

246 2350 426 2410 in-his
484 2349 754 2423 sententia
822 2352 941 2410 ulla
1001 2353 1069 2411 fit
1125 2356 1412 2412 neceffitas
1461 2354 1764 2414 reducendi
1800 2376 1972 2418 omnes

247 2452 367 2493 cum
400 2433 550 2492 bonis
582 2433 697 2508 fitis
744 2435 800 2492 in
861 2434 1238 2513 aequalitatem,
1304 2450 1403 2494 aut
1451 2439 1740 2496 communia
1794 2441 1971 2499 omnia
2071 2446 2074 2448 ’

250 2512 495 2582 habendi,
559 2532 674 2572 non
708 2513 984 2580 omnino;
1057 2515 1325 2575 sententia
1374 2516 1563 2576 nostra
1605 2516 1840 2578 cuilibet
1879 2538 1971 2579 re-

253 2593 474 2672 linquet
506 2593 774 2672 pacifice,
820 2595 975 2674 quod
1017 2595 1179 2654 suum
1229 2597 1328 2667 est,
1375 2597 1488 2656 five
1528 2597 1676 2657 illud
1701 2597 1970 2660 industria

246 2673 369 2742 sua,
416 2673 529 2732 five
573 2672 697 2749 jure
739 2676 1115 2754 paternitatiS,
1180 2693 1279 2736 aut
1326 2677 1686 2750 haereditati8‚
1735 2679 1968 2748 'habet3

250 2755 437 2814 solum
478 2754 793 2826 instruitur,
839 2757 1134 2836 quomodo
1176 2757 1238 2816 iis
1287 2761 1430 2820 bene
1470 2774 1669 2819 utatur
1707 2759 1779 2820 ad
1803 2761 1970 2824 suum

253 2834 316 2893 &
350 2833 598 2896 fratrum
640 2835 867 2897 suorum
912 2839 1129 2898 bonurn
1176 2839 1237 2897 &
1284 2839 1356 2899 ad
1397 2840 1505 2899 Dei
1553 2839 1825 2919 gloriam,
1871 2842 1971 2905 ubi
2019 2838 2022 2841 ’

252 2915 429 2975 etiam
453 2915 701 2975 actiones
721 2914 836 2994 ejus
858 2934 1091 2998 oportet
1129 2919 1235 2979 fint
1269 2921 1611 2986 voluntariae
1648 2921 1710 2979 ὅτ
1746 2922 1965 2995 liberae,

252 2995 318 3052 δε
364 3015 478 3055 non
518 2998 752 3057 coa’stae.
838 2998 1146 3071 Praeterea,
1210 3021 1312 3060 nec
1367 3001 1495 3061 inde
1549 3002 1964 3072 concludimus,
2053 3074 2055 3078 .

253 3072 483 3154 aliquem
523 3080 782 3139 creatione
819 3083 992 3161 magis,
1027 3081 1122 3140 vel
1158 3084 1348 3153 minits,
1398 3085 1572 3164 ‚quam
1620 3083 1807 3154 alium,
1889 3084 1971 3142 uti

254 3175 357 3212 non
394 3157 587 3215 debere.
672 3159 890 3220 Scimus
938 3159 1111 3232 enim,
1157 3164 1334 3243 quod,
1383 3163 1523 3224 ficut
1563 3164 1693 3224 Deo
1726 3161 1964 3241 placuit,

252 3232 635 3303 diversimode
655 3258 782 3302 eam
813 3240 1168 3314 distribuere,
1211 3244 1551 3330 quibusdam
1586 3242 1967 3386 magibzstcllui-

1768 3342 1804 3383 u
1871 3342 1966 3384 am
