2086 3640
285 66 398 128 160
562 49 1735 122 YHESISSEPTIMAss

274 163 504 227 virtute,
548 156 820 236 quoniam
858 153 1262 236 pronunciatus
1302 156 1382 214 est
1430 157 1740 230 absol'utuS,
1785 159 1860 220 sic
1880 151 1993 239 jus..

275 240 517 303 tificatio
536 239 651 317 ejus
680 237 751 297 fit
778 238 1019 316 propter
1036 236 1174 316 quid
1195 233 1516 310 externtim,
1542 261 1655 299 non
1683 239 1989 303 internum.

357 325 677 390 SECUNDO,
724 319 835 377 hoc
884 317 1068 398 magis
1095 317 1317 396 patebit
1358 317 1417 378 in
1461 319 1845 400 indulgentiiS,
1889 316 1991 383 ubi

280 395 531 462 remifl'io
580 401 842 459 omnium
883 413 1249 478 peccatorum
1301 420 1416 458 non
1452 401 1639 460 solum
1671 401 1991 480 praeterito-

275 497 428 553 rum,
490 478 583 540 sed
605 481 663 539 ὅτ
687 500 787 560 per
833 498 1007 540 annos
1055 479 1328 560 quosdam
1354 479 1703 551 futurorum,
1748 483 1993 560 promit-

279 564 425 622 titur
464 562 819 622 visitantibus
861 561 984 641 haec
1027 559 1119 620 vel
1147 561 1247 620 illa
1287 562 1510 641 templa
1545 579 1646 623 aut
1670 562 1992 641 sepulchra,

277 645 341 702 &
380 642 696 703 dicentibus
753 642 1023 722 quasdam
1077 656 1315 721 preces:
1379 663 1496 721 quo
1539 644 1629 715 fit,
1674 659 1740 703 ut
1760 643 1886 703 haec
1913 645 1997 704 fa-

280 723 428 784 ciens
466 723 587 803 ipso
645 723 798 783 facto
846 723 876 780 a
928 738 1301 802 peccatorum
1351 739 1510 782 reatu
1562 724 1869 802 eximatur,
1934 726 1997 783 δε

282 807 340 865 in
369 806 676 884 conspectu
715 803 825 864 Dei
854 802 1214 882 justificetur,
1262 803 1403 882 ficut
1422 802 1722 885 unicuique
1751 805 1808 864 in
1838 826 2004 886 mag-

283 907 361 945 no
397 886 642 966 jubilaeo
679 902 810 946 ante
850 883 998 944 fores
1043 885 1198 943 Petri
1241 881 1302 943 &
1352 878 1516 945 Pauli
1544 885 1597 944 se
1617 887 2002 966 praesentanti‚

285 969 482 1047 ibique
541 968 716 1048 Papae
783 965 1235 1027 benedietionem
1285 962 1599 1045 recipienti,
1669 967 1762 1027 vel
1834 967 2003 1028 alicui

287 1048 495 1130 Jacobi
552 1049 608 1106 in
641 1044 917 1129 Hispani-51
962 1042 1345 1125 sepulchrum,
1389 1045 1483 1105 vel
1507 1045 1716 1106 Mariae
1745 1047 1814 1106 de
1857 1045 2007 1106 Lor-

291 1130 411 1189 reta
455 1129 812 1188 domicilium
868 1121 1139 1198 vifitanti,
1209 1125 1416 1188 talibus
1464 1129 1698 1209 inquam
1726 1129 1849 1188 haec
1877 1149 2010 1208 per-

290 1210 635 1280 ficientibu5‚
699 1208 949 1269 remiffio
1006 1225 1378 1288 peccatorum
1425 1209 1686 1269 offertur.
1770 1209 1830 1268 Si
1870 1209 2013 1269 vero

290 1293 710 1371 interrogemus
756 1290 906 1349 unde
949 1291 1038 1359 fit,
1106 1290 1265 1369 quod
1302 1288 1454 1361 talia,
1518 1311 1646 1371 quae
1683 1308 1752 1350 ex
1793 1290 1847 1349 se
1903 1289 2013 1368 mi-

298 1372 453 1433 nime
511 1371 815 1430 moraliter
856 1372 1008 1430 bona
1043 1371 1190 1440 sunt,
1238 1372 1382 1431 hanc
1417 1366 1695 1430 virtutem
1732 1371 2009 1447 habeant?

292 1452 688 1531 Respondent,
733 1467 973 1531 propter
1008 1451 1258 1511 ecclefiae
1286 1451 1348 1510 ὅτ
1380 1446 2013 1530 Papaesauthoritatem,

297 1533 415 1614 qui,
483 1553 613 1591 cum
666 1532 734 1591 fit
784 1532 1123 1591 meritorum
1154 1532 1363 1591 Christi
1393 1532 1598 1602 cust08‚
1643 1530 1854 1607 talibus
1880 1553 2019 1611 pro-

295 1612 494 1695 positis
542 1611 962 1673 conditionibus
1012 1634 1078 1671 ea
1110 1612 1401 1692 dispensat.
1487 1609 1579 1670 Sic
1606 1612 1780 1689 etiarn
1826 1609 2018 1671 inven-

298 1695 382 1755 tio
443 1695 505 1753 δε
558 1692 683 1753 usus
732 1688 1024 1754 miffarum
1075 1692 1146 1752 fit
1184 1692 1544 1773 praecipuum
1598 1683 2020 1772 justificationis

299 1777 778 1836 instrumentum:
851 1774 956 1834 hac
996 1774 1148 1834 enim
1197 1774 1514 1855 praedicant
1554 1768 1846 1834 Christum
1874 1794 2022 1854 quo-

297 1857 436 1917 tidie
496 1855 658 1916 Patri
706 1856 1176 1937 propitiatorium
1245 1855 1585 1916 sacrificium
1652 1854 1853 1915 offerri
1915 1875 2026 1935 pro

303 1939 555 2019 peccatis
595 1937 866 1996 vivorum
903 1937 964 1994 &
1002 1953 1393 2008 mortuorum,
1460 1937 1539 1997 ita
1572 1952 1638 1996 ut
1682 1927 1884 2016 aliquis
1927 1957 2027 2016 pe-

305 2019 470 2078 cunia
516 2018 809 2077 Christum
853 2018 968 2076 hoc
1023 2018 1203 2076 modo
1254 2038 1362 2097 pro
1403 2018 1456 2077 se
1505 2014 1772 2077 oblatum
1821 2017 2031 2077 habere

306 2101 485 2182 poffit
528 2099 602 2158 ad
646 2098 900 2169 libitum,
966 2097 1074 2178 qua
1132 2094 1426 2158 oblatione
1465 2099 1847 2157 remissionem
1897 2118 2031 2177 pec-

308 2197 574 2246 catorum
616 2179 668 2238 se
711 2180 941 2250 habere,
1005 2179 1066 2236 ὅτ
1092 2174 1559 2256 justificationem
1619 2178 1675 2237 in
1724 2170 2032 2258 conspefiu

315 2261 428 2322 Dei
485 2259 740 2320 confidit.
829 2256 1030 2319 Multa
1071 2255 1180 2319 alia
1227 2251 1544 2337 hujusmodi
1573 2256 1718 2330 sunt,
1763 2279 1894 2339 quae
1923 2259 2034 2319 hoc

311 2342 447 2402 loco
513 2357 766 2420 repetere
817 2362 935 2401 non
990 2337 1200 2400 necesse
1238 2341 1441 2401 habeo.
1527 2339 1619 2399 Ex
1658 2340 1862 2419 quibus
1906 2361 2035 2402 om⁴

313 2423 483 2484 nibus
546 2438 727 2502 patet,
796 2422 1139 2482 Pontificios
1186 2416 1654 2500 justificationem
1714 2416 1873 2499 suam
1919 2442 2035 2481 non

317 2502 442 2563 tam
493 2504 549 2563 in
600 2503 736 2562 reali
777 2504 1098 2578 Sanctitatis
1143 2523 1318 2582 opere
1344 2503 1405 2560 &
1450 2501 1669 2582 peccati
1701 2502 2037 2581 abnegatio-

317 2606 388 2646 ne
431 2584 638 2654 fistere,
700 2583 875 2664 quam
917 2584 973 2642 in
1004 2587 1158 2643 mera
1198 2584 1556 2663 quarundam
1585 2583 2040 2643 ceremoniarum

320 2665 560 2736 actione,
612 2665 673 2723 ὅτ
722 2664 870 2725 caeca
921 2664 1275 2735 credulitate,
1348 2663 1457 2743 qua
1508 2665 1536 2722 a
1585 2663 1915 2724 doCtoribus
1935 2658 2060 2738 suisv

311 2747 752 2828 ,pei-suadentur,
819 2766 1032 2826 papam
1067 2747 1128 2805 &
1169 2745 1462 2806 ecclefiam
1497 2745 1626 2821 effe*
1652 2744 1836 2804 solum
1875 2744 2046 2805 meri-

327 2845 525 2888 torum
571 2828 781 2887 Christi
830 2827 1290 2907 dispensatorem,
1346 2828 1406 2884 &
1455 2823 1797 2906 potestatem
1837 2846 1904 2886 ea
1942 2845 2042 2962 :lip-

327 2908 580 2990 plicandi
602 2909 834 2978 habere,
880 2909 951 2967 ad
982 2909 1365 2968 remiffionem
1395 2924 1766 2987 peccatorum
1794 2907 1854 2965 &
1882 2905 1945 2982 ju
1997 2903 2044 2962 i-

331 2989 657 3049 ficationem
708 2990 966 3060 illorum,
1012 2989 1111 3069 qui
1160 2989 1298 3048 tales
1346 2988 1690 3048 ceremonias
1725 2986 2043 3048 observant.

333 3071 489 3129 Haec
547 3069 811 3149 equidem
868 3071 947 3129 est
1001 3091 1135 3129 vera
1184 3071 1243 3127 &
1303 3070 1465 3130 realis
1507 3068 1806 3128 methodus
1834 3063 2045 3143 justifi-

338 3149 570 3208 cationis
602 3150 675 3226 ⁸in
714 3150 978 3211 Romana
1026 3150 1253 3210 ecclefifi
1312 3151 1642 3229 praedicata,
1706 3167 1833 3225 quae
1861 3141 2049 3224 saepis÷

340 3228 476 3288 sime
524 3230 553 3288 ἐι
585 3232 827 3310 publicis
868 3231 1360 3311 praedicatoribuS,
1420 3230 1513 3291 sed
1550 3226 1863 3310 praesertim
1922 3245 2048 3366 ms?-

1858 3325 1961 3367 nac
2005 3324 2048 3364 is
