2086 3640
244 58 334 117 De
361 55 683 116 Salutation.
719 53 1057 114 Recreation.
1103 54 1259 136 idque
1287 76 1455 137 genus
1495 55 1636 120 aliis.
1718 82 1761 139 4
1790 65 1866 146 87
1914 53 1918 58 ’

127 156 129 159 ’
175 155 386 214 SEXTO
424 156 689 237 οἰῃῆτεὶιιητ,
770 153 1130 236 Scripturam
1174 161 1239 221 δε
1291 157 1555 239 antiquos
1604 160 1827 222 Patres,

0 253 29 298 ec
94 234 172 296 fic
221 237 426 308 dictos,
494 236 862 297 solummodo
916 237 1227 316 prohibere
1272 239 1637 300 clandestinas
1702 241 1843 308 vin-„

0 335 26 377 le
93 317 316 385 dicoffls,
362 338 478 378 non
517 317 963 399 applicationem
1011 339 1335 393 armorum,
1399 321 1606 401 quibus
1641 322 1827 403 regie,

0 417 26 456 t·
90 420 324 478 coerS,
368 420 594 471 uxores»,
627 399 814 470 liberi,
863 400 1127 480 bonaque
1167 399 1564 473 defendantur,
1594 399 1831 484 quando

0 498 23 543 m
91 481 476 561 Magistratus
523 482 584 541 id
620 478 907 560 praecipit,
982 478 1260 561 fiquidem
1313 482 1699 554 obediendum
1757 481 1830 545 fit

90 563 573 642 Magistratibus:
618 563 808 642 Ergo,
851 561 963 620 &c.
1010 563 1192 644 Qod
1240 562 1421 644 igitur
1450 565 1689 646 privatis
1718 566 1829 626 ho·-v

90 642 342 704 minibus
389 666 460 706 ex
507 643 692 725 seipsis
732 641 917 703 facere
952 661 1069 702 non
1104 644 1185 703 est
1232 645 1484 718 licitum,
1528 646 1590 706 id
1633 662 1827 707 tenen-

0 728 20 787 'i-
88 738 188 785 tur
230 724 414 786 facere
470 725 808 808 magistratu
846 723 1232 805 praecipiente.
1316 727 1626 807 Respondeo.
1687 728 1828 790 Ma-

139 805 387 879 istratuS,
434 807 476 866 fi
519 827 717 868 revera
757 805 838 866 est
883 806 1256 880 ChristianuS,
1330 826 1431 870 aut
1478 810 1586 870 effe
1642 810 1826 891 cupit,

131 888 266 950 ebet
309 889 546 969 ipsemet
584 888 745 969 prius
779 888 1057 950 mandato
1104 889 1349 949 Domini
1368 889 1472 962 sui,
1516 891 1718 972 diligite
1743 896 1828 952 in·
1919 890 1923 894 ’

93 971 288 1042 imicos,
331 971 445 1031 ὅτε.
490 972 900 1052 obtemperare
933 994 950 1037 3
996 969 1058 1028 &
1100 986 1236 1031 tunc
1263 992 1379 1045 non
1416 972 1635 1053 poterit
1661 971 1829 1044 nobis

90 1053 428 1133 praecipere,
492 1067 559 1112 ut
599 1072 697 1113 eos
745 1051 1117 1113 occidamus:
1180 1069 1242 1114 at
1287 1051 1328 1112 fi
1371 1073 1513 1113 vero
1569 1074 1690 1122 non
1728 1054 1831 1115 -est

0 1193 2 1199 ,
87 1153 261 1194 verus
311 1133 684 1205 ChristianuS,
731 1149 872 1194 tunc
919 1134 1204 1197 incumbit
1249 1133 1414 1196 nobis
1453 1151 1520 1196 ut
1568 1135 1831 1197 Domino

87 1219 153 1278 &
206 1215 360 1295 Regi
394 1215 592 1279 nostro
649 1215 781 1296 Jesu
820 1215 1050 1276 Christo
1099 1215 1457 1288 obediamus,
1503 1221 1598 1276 cui
1626 1217 1689 1277 &
1715 1217 1833 1298 ipse

0 1339 12 1367 .-
84 1299 342 1360 debebat
383 1297 654 1358 obedire.
698 1309 833 1357 nam
883 1296 940 1357 in
982 1317 1166 1378 regno
1205 1298 1415 1359 Christi
1453 1299 1665 1359 debent
1700 1321 1831 1360 om-

85 1401 208 1452 neS‚
253 1379 285 1439 ὲ
318 1380 547 1441 summo
576 1379 751 1459 usque
791 1378 863 1438 ad
893 1379 1188 1452 infimum,
1256 1380 1315 1439 id
1361 1379 1442 1440 est
1480 1380 1510 1439 Ξι
1556 1381 1721 1461 Rege
1768 1382 1831 1441 δε

0 1501 2 1508 ·
90 1462 316 1539 Caesare
360 1462 538 1541 usque
583 1460 657 1520 ad
693 1460 1020 1532 Rusticum,
1065 1459 1183 1539 ejus
1225 1460 1448 1542 legibus
1489 1461 1543 1523 se
1585 1462 1831 1524 submit-

87 1562 229 1606 tere.
315 1543 542 1602 Verum
587 1543 783 1619 (eheu
810 1543 872 1621 !)
916 1543 1019 1603 ubi
1069 1541 1419 1603 inveniemus
1463 1543 1644 1604 talem
1689 1547 1832 1607 obe-

85 1625 408 1689 dientiam?
456 1624 515 1682 O
551 1624 776 1706 lapsum
813 1623 1236 1704 deplorandum
1271 1626 1282 1684 ἔ
1332 1625 1466 1705 Qa
1515 1626 1586 1685 de
1612 1647 1672 1685 re
1700 1628 1832 1706 pul-
1933 1680 1940 1685 ,

88 1708 230 1769 chre
271 1705 471 1767 scribit
513 1706 672 1769 Lud.
714 1705 848 1764 Viv.
890 1705 989 1767 lib.
1036 1705 1107 1766 de
1149 1727 1276 1767 con.
1324 1707 1427 1767 vit.
1480 1707 1688 1768 Christ.
1726 1708 1831 1771 sub

87 1791 276 1850 Ture.
341 1786 623 1849 referente
669 1789 720 1848 F
723 1786 978 1848 rederico
1017 1787 1240 1870 Sylvio.
1280 1788 1430 1849 Disc.
1492 1789 1564 1850 de
1615 1791 1830 1852 Revol.

86 1872 257 1952 Belg.
303 1873 400 1948 85.
447 1869 813 1952 Ingreffits-est
836 1870 1096 1948 Princeps
1138 1869 1422 1948 ecclessam,
1468 1892 1571 1932 non
1592 1885 1652 1933 ut
1671 1893 1834 1936 verus

89 1954 164 2016 ὃ
225 1951 390 2033 plani?
450 1953 816 2030 Chrzstianas,
882 1951 1022 2032 quod
1057 1953 1242 2032 fuzffet
1282 1954 1420 2032 san?
1462 1954 1833 2033 faeliciffimum

89 2037 162 2115 ἐφ’
209 2030 515 2114 optandum,
567 2034 668 2114 ῥά
704 2036 911 2095 invexit
969 2034 1149 2113 secum
1205 2034 1548 2106 nobilitatem,
1593 2036 1829 2108 honores,

89 2118 155 2179 A
170 2117 229 2176 R
250 2117 425 2189 MA,
490 2118 733 2198 instgnia,
778 2117 1090 2194 triumphos,
1137 2116 1447 2195 supercilia,
1477 2119 1707 2198 fastum,
1736 2121 1834 2198 fic-

80 2199 330 2279 perbiam
350 2220 370 2257 .·
431 2197 467 2258 i.
500 2219 548 2259 e.
594 2201 750 2259 Venit
795 2201 850 2258 in
906 2199 1111 2274 Christi
1156 2198 1361 2258 domum
1408 2203 1679 2260 comitatus
1715 2201 1834 2260 dia-

88 2278 222 2351 bolo,
267 2280 336 2342 {9⁹
386 2279 524 2363 quod
538 2281 671 2356 fieri
710 2279 854 2340 nullo
891 2280 1037 2340 modo
1075 2293 1309 2357 poterat,
1354 2279 1525 2340 voluit
1563 2282 1696 2341 duas
1743 2282 1834 2342 do-

89 2384 199 2424 mos
236 2363 306 2425 {9³
350 2362 482 2422 duas
521 2365 768 2422 civitates
794 2364 1115 2443 conjungere,
1159 2362 1269 2420 Dei
1310 2362 1379 2423 &³⁹
1422 2362 1639 2433 diaboli,
1701 2364 1842 2444 quod

89 2466 194 2506 non
224 2446 391 2526 magis
420 2444 662 2524 potuiffet
699 2441 916 2520 ffcere,
962 2464 1120 2523 quam
1157 2445 1386 2502 Romam
1426 2444 1495 2505 {9³
1535 2442 1835 2520 Constanti-

87 2525 339 2606 nopolim,
412 2546 525 2606 quae
556 2537 720 2584 ›tanto
767 2523 837 2585 &3
878 2536 1151 2584 terrarum
1205 2524 1275 2586 ἐξ
1321 2528 1487 2585 maris
1532 2533 1712 2587 traHu
1747 2527 1836 2607 ft.-

81 2620 366 2690 parantur
391 2627 412 2665 .·
480 2627 596 2686 quae
646 2608 930 2666 communio
974 2604 1176 2682 Chrzsti
1234 2605 1311 2664 ad
1371 2606 1609 2666 Belial?
1669 2611 1837 2689 inquit

95 2689 325 2754 Paulus.
411 2689 656 2767 Refrixit
693 2687 968 2767 paulatim
1007 2687 1191 2756 ardor,
1238 2691 1461 2748 nutavit
1484 2688 1644 2764 fides,
1689 2690 1834 2770 dege-

90 2773 314 2834 neravit
345 2781 457 2831 tota
483 2772 678 2848 pietas,
723 2772 864 2851 cujus
895 2789 1032 2829 nunc
1081 2769 1277 2828 umbra
1327 2782 1482 2850 atque
1525 2772 1839 2852 imaginibus

98 2857 327 2923 utimur,
371 2852 569 2931 easque,
600 2864 661 2912 ut
688 2850 781 2910 ille
809 2850 949 2920 dicit,
982 2852 1190 2911 utinam
1219 2854 1554 2912 retineremus
1581 2854 1603 2911 !
1647 2853 1853 2922 hafte-⁴

99 2954 207 2997 nus
257 2933 451 2992 Vives,
535 2931 799 3012 Denique
834 2931 996 3011 quod
1016 2930 1090 2990 ad
1112 2931 1257 2994 hanc
1288 2952 1409 2992 rem
1433 2932 1654 3004 attinet,
1700 2933 1837 2994 cum

93 3015 236 3076 nihil
275 3014 460 3095 magis
499 3013 765 3073 videatur
806 3013 1159 3073 contrarium
1202 3012 1447 3074 hominis
1488 3031 1732 3085 naturae,
1775 3014 1868 3075 &m

98 3099 236 3158 cum
274 3117 347 3157 ex
397 3094 668 3157 omnibus
724 3093 808 3154 sui
849 3093 1100 3153 defenfio
1148 3095 1410 3154 videatur
1451 3096 1702 3156 maxime
1748 3111 1839 3155 to·

104 3178 378 3248 lerabili3‚
426 3192 492 3236 ut
531 3177 613 3237 est
651 3175 978 3237 hominibus
1008 3175 1376 3246 difficillima,
1422 3175 1500 3237 ita
1542 3175 1602 3235 δε
1648 3176 1841 3256 religi-

103 3266 230 3320 onis
272 3257 592 3319 Chrstianae
620 3277 752 3339 pars
822 3256 1189 3316 erfectiffima
1239 3257 1340 3327 est,
1384 3257 1442 3317 in
1476 3279 1588 3339 qua
1630 3257 1843 3318 scilicet

81 3340 169 3406 sui
209 3340 522 3430 denegatio
581 3338 644 3403 &
704 3339 746 3400 fi
790 3338 917 3399 ucia
987 3337 1045 3397 in
1109 3336 1301 3401 Deum
1353 3340 1619 3402 ‘maxime
1664 3339 1837 3408 lucet,

313 3440 316 3442 “
377 3427 382 3431 ’
927 3418 954 3478 Ι
997 3418 1015 3479 i
1058 3440 1102 3495 4
1598 3418 1843 3506 ideoque
