2086 3640
243 103 276 158 8
529 101 1703 164 THESJssECUNDA.

245 232 327 269 mo
377 211 543 289 potest
601 212 662 285 se
716 211 903 287 facere
952 207 1466 287 SacraecScrip'tui‘ae
1534 209 1810 282 dotiorem,
1870 211 1968 287 nisi

228 292 407 371 solum
465 293 688 352 Sanctius
732 291 982 367 Spiritus,
1045 281 1190 354 &cis
1245 288 1339 352 Et
1367 289 1529 370 super
1577 291 1963 369 Magnificat:

246 371 415 431 Nemo
458 373 634 430 Deum
678 372 817 429 reite
847 369 1128 450 cognoscere
1144 370 1328 447 potest,
1359 370 1454 447 fhu
1496 371 1717 430 verbum
1750 371 1860 431 Dei
1885 378 1966 434 in—

243 453 495 534 telligere,
542 454 634 510 niz
667 451 725 509 id
747 452 1044 511 immediate
1068 453 1285 528 recipiat
1329 450 1363 507 a
1394 453 1584 511 Sanbto
1611 453 1834 528 Spiritu,
1865 474 1967 512 'ne-

244 556 340 614 que
383 535 474 592 boc
516 534 764 611 quispiam
807 535 988 612 recipit
1015 534 1051 591 a
1079 534 1270 591 Sancto
1296 533 1519 608 Spiritu,
1579 535 1637 591 ni
1655 555 1674 591 ι
1701 535 1969 610 experien-

244 615 327 672 tia
390 616 628 673 inveniat
675 616 730 672 in
757 615 940 692 seipso,
1015 614 1084 675 δέ
1132 616 1188 672 in
1231 613 1332 670 hac
1383 615 1704 692 experientia
1742 616 1971 692 Spiritus

245 697 471 754 Sanc‘t'us
498 694 656 766 docet,
685 696 827 771 ficut
869 698 923 755 in
956 693 1187 772 proprici
1215 692 1428 764 Scholci,
1472 694 1808 775 extra'quam
1835 694 1974 755 nibil
2071 696 2073 699 ’

245 777 457 854 discitur
483 777 580 851 nist
608 798 754 834 mera
773 776 1089 857 garrulitas.
1482 808 1486 812 v
1575 783 1579 787 ’

335 868 351 894 6
398 858 652 924 PHILIP.
687 858 1069 918 Melanfflmn
1113 855 1172 915 in
1203 857 1425 915 Annot.
1456 856 1622 934 super
1662 856 1714 915 6.
1760 856 1969 934 Johan.

252 950 271 975 ⁶
317 937 439 1016 Qci‘
471 935 646 997 vocem
693 951 964 998 externam
1010 938 1077 998 ἐξ
1127 954 1424 1016 corpoream
1477 949 1682 996 tantum
1725 938 1969 1008 audiunt,

252 1032 270 1057 ⁶
313 1032 613 1078 creaturam
662 1021 903 1090 audiunt,
971 1019 1039 1079 δῦ)
1085 1040 1198 1077 cum
1225 1019 1373 1078 Deus
1415 1018 1641 1095 Spiritus
1670 1020 1771 1094 stt,
1817 1039 1976 1098 neque
2075 1070 2078 1074 .

253 1114 271 1139 ⁶
316 1104 548 1159 cernitur
578 1123 735 1180 neque
779 1101 1104 1181 cognoscitur,
1149 1121 1308 1178 neque
1334 1099 1552 1158 auditur
1585 1101 1683 1175 nist
1717 1101 1920 1176 Spiritu
1953 1124 1972 1165 ;
2069 1135 2072 1137 Δ

254 1195 271 1219 6
306 1182 531 1258 proinde
566 1183 750 1241 audire
776 1203 948 1240 vocem
977 1183 1105 1250 Dei,
1150 1202 1358 1240 cernere
1383 1181 1560 1240 Deum
1589 1180 1659 1241 &
1688 1182 1972 1260 agnoscere,

253 1276 271 1300 ⁶
315 1268 392 1322 es't'
440 1263 626 1321 audire
653 1265 908 1341 Spiritum
942 1287 959 1328 3
1003 1262 1116 1340 solo
1145 1263 1347 1340 Spiritu
1379 1260 1687 1341 cognoscitur
1711 1263 1860 1321 Deus
1905 1261 1977 1322 &²

216 1357 272 1403 «6
307 1347 618 1421 percipitur.
703 1344 776 1402 Id
803 1343 938 1424 quod
961 1346 1119 1402 etiam
1146 1343 1275 1401 vere
1317 1335 1545 1423 religiosi
1566 1346 1620 1402 in
1665 1343 1802 1402 hunc
1827 1343 1979 1422 usque

253 1438 272 1463 ⁶
316 1425 448 1483 diem
494 1426 786 1503 agnostunt,
848 1428 888 1483 ii
938 1445 1106 1502 omnes
1144 1427 1414 1494 nimirum,
1462 1425 1644 1503 quibus
1682 1424 1979 1502 superficies

253 1519 272 1546 ⁶
316 1506 577 1586 religionis
614 1526 713 1564 non
743 1508 1030 1584 satisfacit,
1076 1523 1235 1584 neque
1268 1505 1335 1564 ed
1363 1507 1510 1585 quast
1539 1503 1715 1583 pallio
1743 1505 1836 1564 vel
1862 1516 1980 1563 arte

253 1599 272 1626 ⁶
316 1599 557 1657 utuntur,
607 1587 706 1664 sed
735 1588 795 1664 se
849 1588 1034 1647 obnixe
1087 1585 1480 1662 Christianitati
1526 1585 1818 1664 applicant,
1890 1606 1982 1645 nec
2082 1588 2083 1658 j

255 1681 273 1707 ⁶
317 1689 545 1748 unquam
573 1669 906 1748 requiescunt,
952 1667 1106 1726 donec
1139 1666 1391 1744 efficacem
1418 1669 1523 1746 ejus
1549 1671 1895 1744 operationem
1927 1670 1984 1725 in
2077 1665 2085 1703 f

254 1764 275 1788 ⁶
318 1749 551 1810 cordibus
581 1750 692 1827 suis
724 1751 980 1829 seutiam,
1026 1748 1149 1826 ipsos
1178 1749 1213 1806 ci
1225 1760 1437 1826 peccato
1463 1748 1810 1808 redimentem.
1856 1747 1979 1818 Illi,
2078 1800 2079 1803 ,

255 1844 274 1870 ⁶
318 1834 552 1910 inquam,
619 1833 910 1910 agnoscunt,
973 1828 1049 1888 ad
1089 1831 1180 1888 hoc
1212 1828 1604 1907 producendum
1650 1829 1789 1890 nihil
1833 1828 1990 1889 aliud

257 1925 276 1950 ⁶
309 1912 639 1989 praevalere,
706 1914 763 1971 ni
783 1935 799 1971 ι
850 1910 1003 1970 illam
1031 1911 1325 1987 stientiam,
1392 1931 1508 1990 quoe
1554 1913 1590 1970 ὰ
1633 1910 1868 1971 dulcibus
1911 1911 1983 1972 δέ
2078 1927 2081 1946 ‘

257 2005 275 2032 ⁶
304 1992 494 2069 solatio
533 1993 706 2070 plenis
736 1993 906 2053 divini
948 1994 1175 2069 Spiritus
1219 1996 1274 2050 in
1315 1991 1466 2051 corde
1491 1991 1770 2071 influxibus
1802 1995 1857 2052 in
1898 1994 1982 2050 in·
2078 2029 2081 2053 1

257 2087 276 2112 ⁶
319 2073 582 2135 telleftum
627 2073 752 2133 lucis
797 2077 899 2156 ejus
928 2073 1396 2133 illuminationibus
1431 2073 1665 2151 procedit
1690 2094 1712 2131 .·
1767 2073 1838 2132 de
1865 2092 1985 2152 quo

259 2167 277 2194 ⁶
322 2156 545 2233 optime
592 2175 707 2214 non
758 2154 834 2214 ita
880 2154 1105 2234 pridem
1148 2152 1368 2233 scripsit
1410 2154 1699 2214 Smitheus
1749 2153 1984 2233 Anglus

258 2249 276 2274 ⁶
323 2235 803 2316 Cantabrigienfis
851 2236 1102 2306 Doctor,
1147 2234 1204 2294 in
1233 2235 1464 2295 Selec'tis
1491 2235 1867 2307 sermonibuS,
1913 2233 1984 2294 de

259 2330 278 2355 ⁶
323 2317 597 2374 methodo
653 2338 807 2376 verae
844 2317 958 2376 Dei
1004 2316 1249 2376 scientiae
1293 2316 1666 2396 attingendae,
1729 2314 1986 2397 Anglice
2051 2387 2054 2391 ,

263 2412 277 2435 ⁶
322 2396 540 2476 scriptis
574 2421 593 2462 3
659 2400 760 2457 ubi
791 2399 937 2458 inter
966 2413 1171 2456 caetera
1202 2396 1278 2456 s1c
1306 2396 1445 2456 dicit
1473 2420 1486 2456 :
1535 2396 1864 2478 Theologiam
1891 2418 1983 2457 no-

208 2510 218 2517 ·
261 2491 279 2518 ⁶
310 2481 487 2555 stram
513 2477 685 2556 solum
730 2481 784 2538 in
834 2479 986 2538 libris
1031 2479 1099 2540 ἑά
1129 2481 1343 2558 scriptis
1386 2499 1642 2560 quarere,
1685 2484 1763 2540 eft
1795 2481 1987 2539 vivum

263 2573 280 2598 ⁶
325 2563 462 2618 inter
515 2572 737 2619 mortuos
777 2581 1033 2640 quarere.
1116 2563 1360 2619 Inaniter
1413 2563 1695 2640 quaerimus
1738 2563 1793 2620 in
1850 2559 1982 2631 illis,
2059 2563 2086 2641 ⁴<

263 2653 283 2680 ⁶
325 2642 416 2699 ubi
455 2645 657 2700 veritas
673 2644 779 2721 ejus
806 2662 907 2700 non
943 2654 1056 2700 tani
1083 2641 1281 2719 inclusa
1304 2662 1461 2720 quam
1485 2641 1698 2718 st’pulta
1717 2643 1803 2718 eli.
1890 2642 1984 2699 In-
2085 2651 2086 2664 ¹

265 2732 284 2759 6
326 2734 417 2780 tra
450 2735 501 2781 te
527 2743 704 2801 quaere
728 2723 926 2793 Deum,
972 2722 1276 2810 discernitur
1301 2727 1432 2800 νοερὲἷ
1461 2727 1615 2799 ἔπιφῖἱ
1654 2735 1714 2782 ut
1741 2723 1989 2783 Plotinus

265 2814 284 2841 ⁶
329 2805 427 2872 ait,
475 2802 834 2862 Intelleti'uali
859 2812 1114 2874 contactu.
1197 2805 1416 2882 Oportet
1458 2827 1548 2865 nos
1586 2803 1745 2864 'oculis
1768 2804 1984 2874 videre,

266 2895 285 2920 ⁶
329 2885 544 2943 auribus
570 2883 775 2954 audire,
819 2885 890 2945 &
930 2887 1174 2946 manibus
1195 2883 1520 2952 ,contrec‘tare
1551 2885 1614 2946 de
1639 2887 1799 2947 verbo
1826 2887 1983 2954 vitae,

268 2976 286 3003 ⁶
316 2966 663 3043 >utJobannis
681 2966 857 3025 verbis
883 2979 1043 3033 utar;
1077 2975 1158 3030 ὅτι
1189 2969 1274 3032 τῗς
1300 2969 1476 3044 ψυχῖὅς
1490 2972 1715 3036 ἔκδυσις,
1742 2977 1836 3025 &c.
1866 2969 2003 3024 ani-⁴
2050 2996 2053 2999 ·

267 3056 286 3083 6
330 3068 418 3104 ma
461 3048 569 3123 ipsa
585 3047 760 3124 sensus
776 3046 897 3124 suos
933 3048 1089 3107 habet
1131 3068 1232 3107 non
1257 3045 1404 3123 secus
1447 3064 1601 3128 atque
1624 3063 1822 3124 corpus.
1905 3046 1988 3104 Et

265 3135 286 3161 ⁶
331 3125 459 3185 ideo
490 3126 707 3199 David,
750 3147 884 3186 cum
932 3127 1123 3199 docet,
1182 3128 1481 3208 quomodo
1530 3142 1799 3208 oporteat
1839 3126 1988 3186 divi-
2054 3131 2059 3135 ’

264 3216 288 3246 6
327 3226 463 3272 nam
492 3206 813 3266 bonitatem
841 3211 1201 3288 cognoscere,
1246 3208 1318 3267 ad
1344 3209 1731 3279 sensationem,
1770 3227 1885 3267 non
1914 3206 1989 3266 ad
2049 3279 2052 3283 Δ

264 3297 287 3360 ⁶.
327 3285 792 3367 speculationem,
813 3308 918 3353 nos
942 3307 1134 3354 vocat.
1195 3290 1412 3370 Gzistate
1438 3291 1507 3358 δ’
1526 3289 1700 3360 videte
1715 3290 1988 3370 Jehovam

1829 3369 1988 3450 {effi
