2086 3640
193 66 322 149 396
415 62 831 127 THESIS
870 61 1352 128 DECIMA
1385 66 1812 143 TERTIA„

190 179 293 239 usu
348 177 544 238 ansam
585 171 793 254 arripit
831 172 1197 235 memorandi
1252 175 1328 235 eis
1376 175 1465 236 de.
1497 193 1691 241 morte
1741 178 1835 243 suit
1874 182 1940 246 δε

189 258 566 342 pastionibus,
612 274 748 334 quae
759 251 887 333 jam
935 255 1505 338 appropinquabant,
1549 259 1711 342 quod
1744 261 1807 322 iis
1833 263 1938 326 fie-

236 340 320 402 ius
368 335 703 407 inculcavit,
769 335 908 418 quia
956 335 1139 397 averfi
1162 336 1214 398 ,ὲ
1266 337 1554 400 credendo
1611 341 1668 402 in
1702 340 1812 416 ‚illa
1839 339 1845 344 ”
1871 365 1936 408 re

255 436 442 482 erunt.
527 417 714 498 Qod
760 433 959 478 autem
999 417 1204 481 attinet
1237 419 1314 482 ad
1363 419 1512 481 illud
1553 421 1761 496 Lucae,
1818 424 1939 486 Hoc

174 505 348 584 facite
382 504 438 562 in
488 503 591 560 mei
625 503 1178 574 commemorationem,
1244 501 1325 564 nil
1360 502 1493 584 plus
1525 502 1771 578 evincet,
1829 504 1938 566 nifi

186 583 371 664 quod,
421 583 561 642 cum
609 580 709 642 illa
763 580 944 641 suerit
987 582 1278 663 postrema
1324 582 1755 666 opportunitas,
1819 586 1938 670 quit

183 663 452 725 Christus
495 683 631 724 cum
673 662 963 744 discipulis
992 664 1380 737 manducavit,
1410 656 1604 727 vol'uit
1631 686 1749 738 eos,
1793 669 1936 730 inter

180 745 441 806 edendum
473 745 546 808 fs?
593 745 890 818 bibendum,
958 745 1123 807 illum
1166 746 1461 829 respicere,
1505 763 1593 819 ut,
1637 769 1935 810 commemo·

182 830 396 888 ratione
431 829 577 903 istius
623 831 1052 906 opportunitatis,
1112 849 1216 910 per
1247 830 1528 910 paffiones
1566 827 1630 888 &
1676 846 1931 892 mortem

178 906 523 988 diligentius
549 908 625 968 ad
643 909 993 991 sequendum
1014 909 1182 971 illum
1203 910 1620 971 suscitarentur.
1675 989 1678 992 A
1709 909 1931 995 Ecquis

182 1005 384 1050 autem
416 989 636 1050 ratione
678 990 976 1069 praeditus,
1029 990 1295 1073 deposito
1322 991 1676 1053 educationis
1717 991 1932 1075 praeju-

178 1068 337 1132 dicio
384 1071 448 1131 δε
488 1071 810 1132 traditionis
837 1071 1149 1148 influentia,
1207 1073 1380 1144 dicet,
1431 1074 1579 1135 hanc
1627 1073 1711 1134 rei
1750 1073 1932 1156 gestae

180 1151 575 1213 narrationem
626 1151 658 1212 ‘a
714 1153 1015 1215 Matthaeo
1072 1153 1135 1214 δε
1189 1155 1407 1217 Marco
1461 1154 1760 1227 traditam,
1830 1154 1929 1218 vel

181 1231 334 1297 illud
369 1234 577 1304 Lucae,
623 1234 742 1295 Hoc
755 1237 932 1316 facite
971 1238 1029 1297 in
1066 1239 1168 1296 mei
1207 1239 1535 1308 memoriam,
1579 1234 1932 1318 consequen-

180 1314 288 1374 tias
325 1335 419 1375 eas
461 1315 743 1386 evincere,
790 1337 934 1415 quas
967 1315 1100 1377 inde
1141 1318 1485 1398 professores
1533 1315 1931 1379 Christianita-

179 1394 253 1455 tis
287 1396 569 1455 deducere
616 1397 999 1476 postularunt,
1044 1414 1318 1458 vocantes
1346 1420 1476 1460 eam
1514 1397 1924 1472 ceremoniam,

177 1477 586 1558 augustiffimum
611 1479 938 1554 eucharistiae
966 1480 1389 1550 Sacramentum,
1433 1479 1744 1542 venerabile
1781 1477 1931 1541 alta-

176 1561 257 1619 ris
277 1560 700 1629 Sacramentum,
737 1560 1070 1637 praecipuum
1098 1562 1294 1642 gratiae
1318 1561 1542 1639 scederis
1551 1562 1786 1641 stgnum,
1831 1580 1931 1652 quo

175 1644 357 1701 omnia
399 1641 645 1717 beneficia
681 1640 883 1716 Christi
920 1643 1102 1701 mortis
1134 1639 1389 1715 fidelibus
1435 1641 1796 1723 obsignantur,
1841 1640 1929 1703 ld·
2022 1706 2028 1710 ,

177 1741 295 1801 que
338 1742 517 1803 genus
558 1721 686 1782 alia.
770 1721 883 1781 Sed
923 1721 1000 1781 ad
1060 1720 1335 1783 fufiorem
1378 1721 1726 1784 evidentiam
1773 1741 1931 1804 prae·

179 1801 452 1874 bendam,
497 1802 655 1886 quod
683 1823 768 1862 eae
795 1801 1215 1885 consequentiae
1242 1802 1469 1864 nullum
1487 1801 1927 1865 fundamentum

174 1882 397 1945 habent
435 1885 514 1945 ab
561 1883 711 1943 illius
762 1883 1106 1944 ceremoniae
1154 1883 1276 1954 usu,
1327 1905 1514 1966 neque
1549 1884 1582 1943 ὲ
1625 1883 1818 1947 verbis
1843 1884 1929 1946 se·

171 1965 507 2044 quentibus,
555 1965 670 2026 Hoc
693 1966 887 2044 facite,
936 1964 1048 2024 ὅτε.
1098 1963 1522 2026 confideremus
1568 1964 1745 2028 aliam
1785 1962 1929 2046 ejus·

174 2045 313 2106 dem
342 2062 564 2107 naturae
607 2054 1022 2117 ceremoniam,
1070 2044 1216 2106 ficut
1250 2044 1370 2106 fuse
1405 2067 1535 2107 eam
1562 2062 1791 2107 enarrat
1817 2049 1926 2127 Jo-

173 2124 414 2197 hanneS,
446 2147 573 2207 cap.
597 2126 714 2186 xiii.
754 2146 874 2186 ver.
929 2146 989 2203 3,
1021 2146 1084 2199 4,
1131 2130 1192 2197 8,
1246 2145 1340 2204 13,
1396 2146 1493 2200 14,
1549 2146 1641 2203 15.
1676 2127 1835 2206 Jefics
1883 2127 1923 2188 ἃ

169 2209 328 2269 ccend
355 2209 533 2290 surgit
571 2208 643 2270 ξεῖ
672 2209 829 2284 ponit
864 2210 1175 2286 vestimenta
1200 2202 1329 2286 fica,
1394 2207 1465 2271 fs?
1502 2207 1620 2268 cicm
1660 2209 1926 2289 accepiffl't

172 2288 415 2360 linteum,
455 2290 743 2368 praecinxit
766 2290 871 2368 se:
941 2289 1126 2349 deinde
1179 2290 1348 2350 mittit
1395 2309 1592 2371 aquam
1635 2291 1692 2350 in
1712 2290 1924 2368 pelvim

170 2373 246 2432 (θ’
283 2375 440 2451 coepit
486 2372 686 2431 lavare
713 2370 873 2448 pedes
910 2369 1300 2449 discipulorum,
1346 2369 1418 2432 ὅ
1454 2384 1721 2452 extergere
1739 2371 1921 2444 linteo,

171 2474 274 2533 quo
326 2457 654 2533 proecinbtus
709 2465 846 2513 erat.
930 2453 1086 2512 Dicit
1140 2449 1231 2510 illi
1273 2451 1497 2523 Petrus,
1558 2474 1662 2512 non
1701 2451 1922 2516 lavabis

170 2536 307 2594 mihi
342 2535 502 2614 pedes
521 2537 578 2596 in
608 2548 882 2595 aeternum.
945 2532 1231 2613 Respondit
1256 2537 1305 2593 ei
1338 2533 1516 2612 Jefics,
1542 2534 1602 2612 st
1633 2553 1736 2596 non
1765 2533 1924 2594 lave-

168 2637 234 2676 ro
260 2629 333 2688 te‚
379 2637 482 2678 non
509 2617 721 2678 habebis
754 2629 972 2695 partem
998 2637 1195 2676 mecum
1229 2637 1249 2682 ς
1296 2648 1322 2659 -
1343 2651 1368 2660 -
1391 2650 1416 2660 ·-
1440 2652 1467 2662 -
1496 2615 1774 2696 postquam
1801 2636 1924 2697 ergo

171 2697 320 2758 lavit
367 2698 526 2779 pedes
582 2716 764 2759 eorum
804 2733 830 2745 -
854 2733 880 2742 -
901 2732 926 2744 -
944 2734 969 2744 -
1007 2698 1147 2759 dixit
1190 2697 1283 2766 eis,
1333 2696 1482 2773 scitis
1531 2696 1664 2776 quid
1691 2697 1922 2776 fecerim

168 2781 341 2849 vobis,
387 2817 413 2826 -
431 2816 456 2827 -
478 2817 501 2826 -
525 2816 551 2826 -
574 2782 634 2855 st
679 2800 799 2861 ergo
846 2801 932 2859 ego
967 2778 1089 2839 lavi
1114 2775 1271 2857 pedes
1314 2779 1512 2854 vestros
1539 2779 1801 2838 Dominus
1847 2777 1920 2839 ΕΒ

171 2862 420 2942 magister
444 2887 463 2927 3
508 2861 580 2922 ἑά
607 2882 703 2921 vos
732 2860 924 2921 debetis
959 2860 1102 2920 alter
1127 2859 1352 2918 alterius
1386 2857 1586 2918 lavare
1601 2857 1783 2937 pedes,
1827 2878 1920 2918 ex-

167 2943 399 3019 emplum
453 2945 592 3001 enim
627 2941 748 3002 dedi
785 2943 955 3014 vobis,
1000 2955 1062 3002 ut
1109 2939 1539 3022 quemadmodum
1573 2961 1662 3031 ego
1681 2941 1797 3020 feci
1813 2958 1913 2998 vo·

170 3023 272 3092 bis,
317 3027 398 3083 ita
436 3023 506 3084 &
550 3045 647 3082 vos
671 3024 918 3102 faciatis.
1003 3022 1188 3107 Qod
1209 3020 1284 3080 ad
1312 3021 1434 3081 haec
1458 3042 1675 3090 omnia,
1721 3017 1911 3080 obser-

167 3117 360 3172 vetur,
431 3103 758 3182 Johannem
800 3123 1087 3174 enarrare,
1151 3105 1246 3163 hoc
1289 3104 1507 3182 fabium
1532 3100 1699 3182 fuiffl
1739 3097 1910 3168 eodm

167 3194 415 3260 tempore,
469 3206 566 3263 quo
578 3186 699 3264 fuit
728 3186 935 3263 frattio
957 3187 1138 3264 panis.
1226 3183 1436 3244 Ambo
1478 3182 1654 3244 etiam
1678 3171 1909 3260 pera<sta

165 3258 296 3341 sont
342 3264 531 3337 noete,
576 3266 687 3345 qua
717 3267 926 3347 pascha.
966 3264 1241 3329 comedit.
1322 3265 1381 3325 Si
1417 3279 1609 3326 autem
1650 3257 1930 3348 respicias-[4

1786 3356 1931 3402 mus»
