<?xml version="1.0" encoding="UTF-8"?>
<!DOCTYPE html PUBLIC "-//W3C//DTD XHTML 1.0 Transitional//EN"
    "http://www.w3.org/TR/xhtml1/DTD/xhtml1-transitional.dtd">
<html xmlns="http://www.w3.org/1999/xhtml" xml:lang="en" lang="en">
 <head>
  <title>
</title>
<meta http-equiv="Content-Type" content="text/html;charset=utf-8" />
  <meta name='ocr-system' content='tesseract 3.04.00' />
  <meta name='ocr-capabilities' content='ocr_page ocr_carea ocr_par ocr_line ocrx_word'/>
</head>
<body>
  <div class='ocr_page' id='page_1' title='image "./theologiaeverech00barcuoft_0119.png"; bbox 0 0 2086 3640; ppageno 0'>
   <div class='ocr_carea' id='block_1_1' title="bbox 190 108 1809 191">
    <p class='ocr_par' dir='ltr' id='par_1_1' title="bbox 190 108 1809 191">
     <span class='ocr_line' id='line_1_1' title="bbox 190 108 1809 191; baseline -0.022 -12"><span class='ocrx_word' id='word_1_1' title='bbox 190 120 280 179; x_wconf 87' lang='lat' dir='ltr'><strong>De</strong></span> <span class='ocrx_word' id='word_1_2' title='bbox 317 111 707 191; x_wconf 80' lang='lat' dir='ltr'><strong>universali&amp;</strong></span> <span class='ocrx_word' id='word_1_3' title='bbox 732 111 1015 191; x_wconf 68' lang='lat' dir='ltr'><strong>salutifero</strong></span> <span class='ocrx_word' id='word_1_4' title='bbox 1058 108 1253 170; x_wconf 86' lang='lat' dir='ltr'><strong>lumine</strong></span> <span class='ocrx_word' id='word_1_5' title='bbox 1295 108 1422 190; x_wconf 76' lang='lat' dir='ltr'><strong>Jefic</strong></span> <span class='ocrx_word' id='word_1_6' title='bbox 1451 108 1669 190; x_wconf 75' lang='lat' dir='ltr'><strong>Christi,</strong></span> <span class='ocrx_word' id='word_1_7' title='bbox 1715 133 1809 190; x_wconf 57' lang='lat'><strong>91.</strong></span> 
     </span>
    </p>
   </div>
   <div class='ocr_carea' id='block_1_2' title="bbox 0 213 1843 3374">
    <p class='ocr_par' dir='ltr' id='par_1_2' title="bbox 0 213 1843 3374">
     <span class='ocr_line' id='line_1_2' title="bbox 72 213 1798 294; baseline -0.005 -11"><span class='ocrx_word' id='word_1_8' title='bbox 72 237 290 283; x_wconf 80' lang='lat' dir='ltr'><strong>aeterno</strong></span> <span class='ocrx_word' id='word_1_9' title='bbox 316 215 668 285; x_wconf 82' lang='lat' dir='ltr'><strong>decreverat,</strong></span> <span class='ocrx_word' id='word_1_10' title='bbox 734 213 797 273; x_wconf 84' lang='lat' dir='ltr'><strong>iis</strong></span> <span class='ocrx_word' id='word_1_11' title='bbox 840 234 956 274; x_wconf 90' lang='lat' dir='ltr'><strong>non</strong></span> <span class='ocrx_word' id='word_1_12' title='bbox 984 213 1251 294; x_wconf 86' lang='lat' dir='ltr'><strong>poffibile</strong></span> <span class='ocrx_word' id='word_1_13' title='bbox 1298 214 1431 273; x_wconf 82' lang='lat' dir='ltr'><strong>fore&#39;</strong></span> <span class='ocrx_word' id='word_1_14' title='bbox 1469 213 1614 275; x_wconf 90' lang='lat' dir='ltr'><strong>illud</strong></span> <span class='ocrx_word' id='word_1_15' title='bbox 1656 215 1798 274; x_wconf 91' lang='lat' dir='ltr'><strong>reci-</strong></span> 
     </span>
     <span class='ocr_line' id='line_1_3' title="bbox 39 293 1801 382; baseline -0.003 -21"><span class='ocrx_word' id='word_1_16' title='bbox 39 322 227 382; x_wconf 86' lang='lat' dir='ltr'><strong>pere.</strong></span> <span class='ocrx_word' id='word_1_17' title='bbox 311 298 525 361; x_wconf 91' lang='lat' dir='ltr'>Nonne</span> <span class='ocrx_word' id='word_1_18' title='bbox 566 294 642 353; x_wconf 88' lang='lat' dir='ltr'><strong>fic</strong></span> <span class='ocrx_word' id='word_1_19' title='bbox 698 293 983 353; x_wconf 89' lang='lat' dir='ltr'><strong>ministros</strong></span> <span class='ocrx_word' id='word_1_20' title='bbox 1036 294 1159 353; x_wconf 90' lang='lat' dir='ltr'><strong>suos</strong></span> <span class='ocrx_word' id='word_1_21' title='bbox 1204 315 1338 354; x_wconf 89' lang='lat' dir='ltr'><strong>curn</strong></span> <span class='ocrx_word' id='word_1_22' title='bbox 1396 295 1692 356; x_wconf 82' lang='lat' dir='ltr'><strong>mendacio</strong></span> <span class='ocrx_word' id='word_1_23' title='bbox 1741 296 1801 356; x_wconf 88' lang='lat' dir='ltr'><strong>in</strong></span> 
     </span>
     <span class='ocr_line' id='line_1_4' title="bbox 19 373 1802 466; baseline -0.002 -25"><span class='ocrx_word' id='word_1_24' title='bbox 19 452 22 455; x_wconf 22' lang='lat'>¹</span> <span class='ocrx_word' id='word_1_25' title='bbox 74 403 177 441; x_wconf 86' lang='lat' dir='ltr'><strong>ore</strong></span> <span class='ocrx_word' id='word_1_26' title='bbox 222 378 405 462; x_wconf 89' lang='lat' dir='ltr'><strong>(quod</strong></span> <span class='ocrx_word' id='word_1_27' title='bbox 445 377 507 436; x_wconf 88' lang='lat'>&amp;</span> <span class='ocrx_word' id='word_1_28' title='bbox 559 373 911 466; x_wconf 83' lang='lat' dir='ltr'><strong>blasphemia</strong></span> <span class='ocrx_word' id='word_1_29' title='bbox 957 374 1039 434; x_wconf 88' lang='lat' dir='ltr'><strong>est</strong></span> <span class='ocrx_word' id='word_1_30' title='bbox 1083 377 1366 456; x_wconf 85' lang='lat' dir='ltr'><strong>cogitare)</strong></span> <span class='ocrx_word' id='word_1_31' title='bbox 1424 375 1580 437; x_wconf 85' lang='lat' dir='ltr'><strong>Deus</strong></span> <span class='ocrx_word' id='word_1_32' title='bbox 1627 377 1802 437; x_wconf 70' lang='lat' dir='ltr'><strong>&#39;emit-</strong></span> 
     </span>
     <span class='ocr_line' id='line_1_5' title="bbox 78 454 1807 538; baseline -0.002 -16"><span class='ocrx_word' id='word_1_33' title='bbox 78 478 247 532; x_wconf 88' lang='lat' dir='ltr'><strong>teret,</strong></span> <span class='ocrx_word' id='word_1_34' title='bbox 292 461 433 519; x_wconf 91' lang='lat' dir='ltr'><strong>dum</strong></span> <span class='ocrx_word' id='word_1_35' title='bbox 461 456 730 538; x_wconf 75' lang='lat' dir='ltr'><strong>praeciplt</strong></span> <span class='ocrx_word' id='word_1_36' title='bbox 757 454 888 525; x_wconf 84' lang='lat' dir='ltr'><strong>illis,</strong></span> <span class='ocrx_word' id='word_1_37' title='bbox 935 471 1001 514; x_wconf 89' lang='lat' dir='ltr'><strong>ut</strong></span> <span class='ocrx_word' id='word_1_38' title='bbox 1029 476 1498 536; x_wconf 88' lang='lat' dir='ltr'><strong>unumquemque</strong></span> <span class='ocrx_word' id='word_1_39' title='bbox 1525 459 1588 516; x_wconf 69' lang='lat' dir='ltr'><strong>&amp;c</strong></span> <span class='ocrx_word' id='word_1_40' title='bbox 1615 457 1807 538; x_wconf 83' lang='lat' dir='ltr'><strong>fingu-</strong></span> 
     </span>
     <span class='ocr_line' id='line_1_6' title="bbox 77 533 1815 624; baseline -0.003 -21"><span class='ocrx_word' id='word_1_41' title='bbox 77 544 167 603; x_wconf 89' lang='lat' dir='ltr'><strong>los</strong></span> <span class='ocrx_word' id='word_1_42' title='bbox 213 542 455 622; x_wconf 84' lang='lat' dir='ltr'><strong>jubeant</strong></span> <span class='ocrx_word' id='word_1_43' title='bbox 495 537 725 624; x_wconf 59' lang='lat' dir='ltr'><strong>credere</strong></span> <span class='ocrx_word' id='word_1_44' title='bbox 766 533 1060 596; x_wconf 89' lang='lat' dir='ltr'><strong>Christum</strong></span> <span class='ocrx_word' id='word_1_45' title='bbox 1101 535 1213 616; x_wconf 89' lang='lat' dir='ltr'><strong>pro</strong></span> <span class='ocrx_word' id='word_1_46' title='bbox 1260 537 1312 596; x_wconf 87' lang='lat' dir='ltr'><strong>se</strong></span> <span class='ocrx_word' id='word_1_47' title='bbox 1349 554 1673 610; x_wconf 87' lang='lat' dir='ltr'><strong>mortuum,</strong></span> <span class='ocrx_word' id='word_1_48' title='bbox 1743 540 1815 613; x_wconf 74' lang='lat'><strong>&amp;.</strong></span> 
     </span>
     <span class='ocr_line' id='line_1_7' title="bbox 77 615 1807 697; baseline -0.002 -13"><span class='ocrx_word' id='word_1_49' title='bbox 77 624 260 683; x_wconf 86' lang='lat' dir='ltr'><strong>vitam</strong></span> <span class='ocrx_word' id='word_1_50' title='bbox 289 641 355 683; x_wconf 83' lang='lat' dir='ltr'><strong>ac</strong></span> <span class='ocrx_word' id='word_1_51' title='bbox 383 619 619 678; x_wconf 85' lang='lat' dir='ltr'><strong>salutern</strong></span> <span class='ocrx_word' id='word_1_52' title='bbox 660 637 772 697; x_wconf 90' lang='lat' dir='ltr'><strong>pro</strong></span> <span class='ocrx_word' id='word_1_53' title='bbox 799 615 908 676; x_wconf 89' lang='lat' dir='ltr'><strong>illis</strong></span> <span class='ocrx_word' id='word_1_54' title='bbox 935 616 1347 696; x_wconf 89' lang='lat' dir='ltr'><strong>consequutum</strong></span> <span class='ocrx_word' id='word_1_55' title='bbox 1375 619 1505 691; x_wconf 84' lang='lat' dir='ltr'><strong>effe,</strong></span> <span class='ocrx_word' id='word_1_56' title='bbox 1552 623 1688 680; x_wconf 72' lang='lat' dir='ltr'><strong>curn</strong></span> <span class='ocrx_word' id='word_1_57' title='bbox 1707 629 1807 687; x_wconf 81' lang='lat' dir='ltr'><strong>&#39;r&#39;e-</strong></span> 
     </span>
     <span class='ocr_line' id='line_1_8' title="bbox 80 697 1809 779; baseline -0.002 -15"><span class='ocrx_word' id='word_1_58' title='bbox 80 703 216 764; x_wconf 65' lang='lat' dir='ltr'><strong>verit</strong></span> <span class='ocrx_word' id='word_1_59' title='bbox 266 701 408 762; x_wconf 89' lang='lat' dir='ltr'><strong>nihil</strong></span> <span class='ocrx_word' id='word_1_60' title='bbox 439 699 552 759; x_wconf 85' lang='lat' dir='ltr'><strong>tale</strong></span> <span class='ocrx_word' id='word_1_61' title='bbox 598 698 669 758; x_wconf 83' lang='lat' dir='ltr'><strong>fir</strong></span> <span class='ocrx_word' id='word_1_62' title='bbox 693 718 899 758; x_wconf 88' lang='lat' dir='ltr'><strong>verum</strong></span> <span class='ocrx_word' id='word_1_63' title='bbox 937 697 1130 778; x_wconf 83' lang='lat' dir='ltr'><strong>quoad</strong></span> <span class='ocrx_word' id='word_1_64' title='bbox 1171 698 1468 779; x_wconf 89' lang='lat' dir='ltr'><strong>plerosque</strong></span> <span class='ocrx_word' id='word_1_65' title='bbox 1501 700 1809 762; x_wconf 89' lang='lat' dir='ltr'><strong>secundum</strong></span> 
     </span>
     <span class='ocr_line' id='line_1_9' title="bbox 81 777 1812 861; baseline -0.002 -17"><span class='ocrx_word' id='word_1_66' title='bbox 81 785 227 844; x_wconf 82' lang='lat' dir='ltr'><strong>hanc</strong></span> <span class='ocrx_word' id='word_1_67' title='bbox 245 781 588 842; x_wconf 66' lang='lat' dir='ltr'><strong>dofflinam.</strong></span> <span class='ocrx_word' id='word_1_68' title='bbox 671 777 784 840; x_wconf 90' lang='lat' dir='ltr'><strong>Sed</strong></span> <span class='ocrx_word' id='word_1_69' title='bbox 812 799 945 839; x_wconf 86' lang='lat' dir='ltr'><strong>cum</strong></span> <span class='ocrx_word' id='word_1_70' title='bbox 977 777 1255 861; x_wconf 79' lang='lat' dir='ltr'><strong>ChristuS,</strong></span> <span class='ocrx_word' id='word_1_71' title='bbox 1300 781 1607 860; x_wconf 81' lang='lat' dir='ltr'><strong>postquam</strong></span> <span class='ocrx_word' id='word_1_72' title='bbox 1631 783 1812 842; x_wconf 66' lang='lat' dir='ltr'><strong>resur÷</strong></span> 
     </span>
     <span class='ocr_line' id='line_1_10' title="bbox 87 859 1811 942; baseline -0.002 -19"><span class='ocrx_word' id='word_1_73' title='bbox 87 865 235 925; x_wconf 87' lang='lat' dir='ltr'><strong>rexit</strong></span> <span class='ocrx_word' id='word_1_74' title='bbox 301 864 363 922; x_wconf 85' lang='lat'>&amp;</span> <span class='ocrx_word' id='word_1_75' title='bbox 419 860 829 942; x_wconf 82' lang='lat' dir='ltr'><strong>redemptionis</strong></span> <span class='ocrx_word' id='word_1_76' title='bbox 879 881 1024 940; x_wconf 89' lang='lat' dir='ltr'><strong>opus</strong></span> <span class='ocrx_word' id='word_1_77' title='bbox 1071 859 1404 941; x_wconf 82' lang='lat' dir='ltr'><strong>perfecerit,</strong></span> <span class='ocrx_word' id='word_1_78' title='bbox 1470 864 1811 922; x_wconf 83' lang='lat' dir='ltr'><strong>mandatum</strong></span> 
     </span>
     <span class='ocr_line' id='line_1_11' title="bbox 86 941 1811 1026; baseline -0.003 -20"><span class='ocrx_word' id='word_1_79' title='bbox 86 943 388 1026; x_wconf 85' lang='lat' dir='ltr'><strong>Apostolis</strong></span> <span class='ocrx_word' id='word_1_80' title='bbox 437 943 498 1000; x_wconf 87' lang='lat'>&amp;</span> <span class='ocrx_word' id='word_1_81' title='bbox 545 941 831 1023; x_wconf 89' lang='lat' dir='ltr'><strong>discipulis</strong></span> <span class='ocrx_word' id='word_1_82' title='bbox 875 941 982 1003; x_wconf 88' lang='lat' dir='ltr'><strong>suis</strong></span> <span class='ocrx_word' id='word_1_83' title='bbox 1023 941 1200 1014; x_wconf 86' lang='lat' dir='ltr'><strong>dedit,</strong></span> <span class='ocrx_word' id='word_1_84' title='bbox 1267 959 1333 1001; x_wconf 85' lang='lat' dir='ltr'><strong>ut</strong></span> <span class='ocrx_word' id='word_1_85' title='bbox 1379 942 1811 1022; x_wconf 83' lang='lat' dir='ltr'><strong>poenitentiam,</strong></span> 
     </span>
     <span class='ocr_line' id='line_1_12' title="bbox 0 1022 1817 1107; baseline -0.003 -20"><span class='ocrx_word' id='word_1_86' title='bbox 0 1048 1 1051; x_wconf 45' lang='lat'>¹</span> <span class='ocrx_word' id='word_1_87' title='bbox 87 1043 460 1107; x_wconf 85' lang='lat' dir='ltr'><strong>peccatorum</strong></span> <span class='ocrx_word' id='word_1_88' title='bbox 490 1023 896 1095; x_wconf 75' lang='lat' dir='ltr'><strong>remissionem,</strong></span> <span class='ocrx_word' id='word_1_89' title='bbox 940 1023 1003 1082; x_wconf 83' lang='lat'>&amp;</span> <span class='ocrx_word' id='word_1_90' title='bbox 1038 1022 1277 1082; x_wconf 82' lang='lat' dir='ltr'><strong>salutem</strong></span> <span class='ocrx_word' id='word_1_91' title='bbox 1308 1024 1575 1084; x_wconf 86' lang='lat' dir='ltr'><strong>omnibus</strong></span> <span class='ocrx_word' id='word_1_92' title='bbox 1605 1024 1817 1103; x_wconf 83' lang='lat' dir='ltr'><strong>praedi-</strong></span> 
     </span>
     <span class='ocr_line' id='line_1_13' title="bbox 87 1103 1815 1185; baseline -0.003 -18"><span class='ocrx_word' id='word_1_93' title='bbox 87 1123 305 1180; x_wconf 83' lang='lat' dir='ltr'><strong>carent,</strong></span> <span class='ocrx_word' id='word_1_94' title='bbox 352 1104 715 1167; x_wconf 80' lang='lat' dir='ltr'><strong>manifestum</strong></span> <span class='ocrx_word' id='word_1_95' title='bbox 744 1106 824 1165; x_wconf 88' lang='lat' dir='ltr'><strong>est</strong></span> <span class='ocrx_word' id='word_1_96' title='bbox 848 1112 957 1185; x_wconf 79' lang='lat' dir='ltr'><strong>pro</strong></span> <span class='ocrx_word' id='word_1_97' title='bbox 979 1103 1246 1165; x_wconf 89' lang='lat' dir='ltr'><strong>omnibus</strong></span> <span class='ocrx_word' id='word_1_98' title='bbox 1276 1104 1441 1163; x_wconf 88' lang='lat' dir='ltr'><strong>illum</strong></span> <span class='ocrx_word' id='word_1_99' title='bbox 1458 1105 1569 1163; x_wconf 85' lang='lat' dir='ltr'><strong>esse</strong></span> <span class='ocrx_word' id='word_1_100' title='bbox 1591 1121 1815 1164; x_wconf 84' lang='lat' dir='ltr'><strong>mortu-</strong></span> 
     </span>
     <span class='ocr_line' id='line_1_14' title="bbox 89 1185 1820 1269; baseline -0.002 -22"><span class='ocrx_word' id='word_1_101' title='bbox 89 1209 238 1255; x_wconf 84' lang='lat' dir='ltr'><strong>um;</strong></span> <span class='ocrx_word' id='word_1_102' title='bbox 281 1187 506 1269; x_wconf 91' lang='lat' dir='ltr'><strong>quisuis</strong></span> <span class='ocrx_word' id='word_1_103' title='bbox 534 1186 687 1246; x_wconf 88' lang='lat' dir='ltr'><strong>enim</strong></span> <span class='ocrx_word' id='word_1_104' title='bbox 706 1186 1003 1246; x_wconf 80' lang='lat' dir='ltr'><strong>mandavit</strong></span> <span class='ocrx_word' id='word_1_105' title='bbox 1031 1185 1108 1245; x_wconf 84' lang='lat' dir='ltr'><strong>ita</strong></span> <span class='ocrx_word' id='word_1_106' title='bbox 1138 1185 1475 1265; x_wconf 73' lang='lat' dir='ltr'><strong>praedicare,</strong></span> <span class='ocrx_word' id='word_1_107' title='bbox 1524 1186 1679 1244; x_wconf 85' lang='lat' dir='ltr'><strong>Deus</strong></span> <span class='ocrx_word' id='word_1_108' title='bbox 1719 1206 1820 1243; x_wconf 84' lang='lat' dir='ltr'><strong>ve-</strong></span> 
     </span>
     <span class='ocr_line' id='line_1_15' title="bbox 93 1266 1820 1348; baseline -0.001 -21"><span class='ocrx_word' id='word_1_109' title='bbox 93 1269 275 1329; x_wconf 85' lang='lat' dir='ltr'><strong>ritatis</strong></span> <span class='ocrx_word' id='word_1_110' title='bbox 295 1269 396 1338; x_wconf 89' lang='lat' dir='ltr'><strong>est,</strong></span> <span class='ocrx_word' id='word_1_111' title='bbox 441 1269 503 1326; x_wconf 73' lang='grc' dir='ltr'><strong>δε</strong></span> <span class='ocrx_word' id='word_1_112' title='bbox 549 1268 712 1327; x_wconf 89' lang='lat' dir='ltr'><strong>nullo</strong></span> <span class='ocrx_word' id='word_1_113' title='bbox 741 1266 919 1333; x_wconf 79' lang='lat' dir='ltr'><strong>modo</strong></span> <span class='ocrx_word' id='word_1_114' title='bbox 947 1267 1170 1348; x_wconf 85' lang='lat' dir='ltr'><strong>generis</strong></span> <span class='ocrx_word' id='word_1_115' title='bbox 1200 1266 1437 1327; x_wconf 78' lang='lat' dir='ltr'><strong>humani</strong></span> <span class='ocrx_word' id='word_1_116' title='bbox 1459 1266 1682 1336; x_wconf 69' lang='lat' dir='ltr'><strong>illusor,</strong></span> <span class='ocrx_word' id='word_1_117' title='bbox 1720 1287 1820 1326; x_wconf 83' lang='lat' dir='ltr'><strong>ne-</strong></span> 
     </span>
     <span class='ocr_line' id='line_1_16' title="bbox 90 1347 1817 1430; baseline -0.003 -22"><span class='ocrx_word' id='word_1_118' title='bbox 90 1370 202 1430; x_wconf 89' lang='lat' dir='ltr'><strong>que</strong></span> <span class='ocrx_word' id='word_1_119' title='bbox 231 1352 307 1410; x_wconf 84' lang='lat' dir='ltr'><strong>ab</strong></span> <span class='ocrx_word' id='word_1_120' title='bbox 335 1348 529 1428; x_wconf 83' lang='lat' dir='ltr'><strong>aliquo</strong></span> <span class='ocrx_word' id='word_1_121' title='bbox 551 1347 812 1428; x_wconf 89' lang='lat' dir='ltr'><strong>requirit,</strong></span> <span class='ocrx_word' id='word_1_122' title='bbox 858 1349 1016 1429; x_wconf 92' lang='lat' dir='ltr'><strong>quod</strong></span> <span class='ocrx_word' id='word_1_123' title='bbox 1032 1348 1125 1407; x_wconf 89' lang='lat' dir='ltr'><strong>illi</strong></span> <span class='ocrx_word' id='word_1_124' title='bbox 1145 1348 1493 1427; x_wconf 80' lang='lat' dir='ltr'><strong>impossibile</strong></span> <span class='ocrx_word' id='word_1_125' title='bbox 1522 1348 1675 1407; x_wconf 68' lang='lat' dir='ltr'><strong>factu</strong></span> <span class='ocrx_word' id='word_1_126' title='bbox 1699 1348 1779 1406; x_wconf 86' lang='lat' dir='ltr'><strong>est</strong></span> <span class='ocrx_word' id='word_1_127' title='bbox 1803 1369 1817 1403; x_wconf 88' lang='lat'><strong>:</strong></span> 
     </span>
     <span class='ocr_line' id='line_1_17' title="bbox 90 1430 1822 1511; baseline -0.001 -22"><span class='ocrx_word' id='word_1_128' title='bbox 90 1451 230 1489; x_wconf 83' lang='lat' dir='ltr'><strong>nam</strong></span> <span class='ocrx_word' id='word_1_129' title='bbox 275 1430 411 1511; x_wconf 84' lang='lat' dir='ltr'><strong>quod</strong></span> <span class='ocrx_word' id='word_1_130' title='bbox 447 1451 592 1490; x_wconf 85' lang='lat' dir='ltr'><strong>nemo</strong></span> <span class='ocrx_word' id='word_1_131' title='bbox 631 1443 876 1490; x_wconf 87' lang='lat' dir='ltr'><strong>teneatur</strong></span> <span class='ocrx_word' id='word_1_132' title='bbox 925 1430 999 1490; x_wconf 93' lang='lat' dir='ltr'><strong>ad</strong></span> <span class='ocrx_word' id='word_1_133' title='bbox 1036 1430 1350 1508; x_wconf 83' lang='lat' dir='ltr'><strong>impoffibile,</strong></span> <span class='ocrx_word' id='word_1_134' title='bbox 1395 1432 1643 1488; x_wconf 79' lang='lat' dir='ltr'><strong>veritatis</strong></span> <span class='ocrx_word' id='word_1_135' title='bbox 1674 1432 1822 1487; x_wconf 80' lang='lat' dir='ltr'><strong>axio-</strong></span> 
     </span>
     <span class='ocr_line' id='line_1_18' title="bbox 91 1510 1821 1590; baseline -0.001 -20"><span class='ocrx_word' id='word_1_136' title='bbox 91 1533 181 1570; x_wconf 88' lang='lat' dir='ltr'><strong>ma</strong></span> <span class='ocrx_word' id='word_1_137' title='bbox 223 1513 292 1589; x_wconf 85' lang='lat' dir='ltr'><strong>est</strong></span> <span class='ocrx_word' id='word_1_138' title='bbox 337 1515 392 1571; x_wconf 90' lang='lat' dir='ltr'><strong>in</strong></span> <span class='ocrx_word' id='word_1_139' title='bbox 432 1514 659 1571; x_wconf 88' lang='lat' dir='ltr'><strong>omnium</strong></span> <span class='ocrx_word' id='word_1_140' title='bbox 698 1514 889 1572; x_wconf 86' lang='lat' dir='ltr'><strong>animis</strong></span> <span class='ocrx_word' id='word_1_141' title='bbox 936 1513 1257 1590; x_wconf 84' lang='lat' dir='ltr'><strong>inscriptum.</strong></span> <span class='ocrx_word' id='word_1_142' title='bbox 1343 1511 1423 1570; x_wconf 87' lang='lat' dir='ltr'><strong>Et</strong></span> <span class='ocrx_word' id='word_1_143' title='bbox 1446 1513 1582 1569; x_wconf 73' lang='lat' dir='ltr'><strong>cum</strong></span> <span class='ocrx_word' id='word_1_144' title='bbox 1613 1510 1821 1569; x_wconf 84' lang='lat' dir='ltr'><strong>Domi-</strong></span> 
     </span>
     <span class='ocr_line' id='line_1_19' title="bbox 91 1591 1825 1671; baseline -0.001 -19"><span class='ocrx_word' id='word_1_145' title='bbox 91 1613 197 1652; x_wconf 88' lang='lat' dir='ltr'><strong>nus</strong></span> <span class='ocrx_word' id='word_1_146' title='bbox 245 1591 334 1663; x_wconf 91' lang='lat' dir='ltr'><strong>fit,</strong></span> <span class='ocrx_word' id='word_1_147' title='bbox 377 1591 796 1671; x_wconf 84' lang='lat' dir='ltr'><strong>&amp;justissimus</strong></span> <span class='ocrx_word' id='word_1_148' title='bbox 842 1592 905 1650; x_wconf 76' lang='grc' dir='ltr'><strong>ὅτ</strong></span> <span class='ocrx_word' id='word_1_149' title='bbox 960 1592 1424 1651; x_wconf 87' lang='lat' dir='ltr'><strong>clementiffimus</strong></span> <span class='ocrx_word' id='word_1_150' title='bbox 1457 1591 1635 1661; x_wconf 80' lang='lat' dir='ltr'><strong>DeuS,</strong></span> <span class='ocrx_word' id='word_1_151' title='bbox 1718 1612 1825 1650; x_wconf 88' lang='lat' dir='ltr'><strong>nec</strong></span> 
     </span>
     <span class='ocr_line' id='line_1_20' title="bbox 96 1671 1826 1752; baseline 0.001 -21"><span class='ocrx_word' id='word_1_152' title='bbox 96 1693 231 1732; x_wconf 92' lang='lat' dir='ltr'><strong>cum</strong></span> <span class='ocrx_word' id='word_1_153' title='bbox 244 1671 484 1752; x_wconf 61' lang='lat' dir='ltr'><strong>justitia,</strong></span> <span class='ocrx_word' id='word_1_154' title='bbox 529 1692 634 1732; x_wconf 90' lang='lat' dir='ltr'><strong>nec</strong></span> <span class='ocrx_word' id='word_1_155' title='bbox 662 1691 797 1731; x_wconf 89' lang='lat' dir='ltr'><strong>cum</strong></span> <span class='ocrx_word' id='word_1_156' title='bbox 827 1672 1128 1731; x_wconf 58' lang='lat' dir='ltr'><strong>clementi&amp;</strong></span> <span class='ocrx_word' id='word_1_157' title='bbox 1166 1672 1282 1752; x_wconf 86' lang='lat' dir='ltr'><strong>ejus</strong></span> <span class='ocrx_word' id='word_1_158' title='bbox 1317 1672 1463 1730; x_wconf 79' lang='lat' dir='ltr'><strong>stare</strong></span> <span class='ocrx_word' id='word_1_159' title='bbox 1494 1672 1705 1751; x_wconf 87' lang='lat' dir='ltr'><strong>potest,</strong></span> <span class='ocrx_word' id='word_1_160' title='bbox 1752 1673 1826 1732; x_wconf 76' lang='lat' dir='ltr'><strong>ab</strong></span> 
     </span>
     <span class='ocr_line' id='line_1_21' title="bbox 97 1751 1829 1835; baseline 0 -23"><span class='ocrx_word' id='word_1_161' title='bbox 97 1753 159 1812; x_wconf 87' lang='lat' dir='ltr'><strong>iis</strong></span> <span class='ocrx_word' id='word_1_162' title='bbox 189 1753 594 1835; x_wconf 86' lang='lat' dir='ltr'><strong>poenitentiam</strong></span> <span class='ocrx_word' id='word_1_163' title='bbox 633 1751 728 1811; x_wconf 88' lang='lat' dir='ltr'><strong>vel</strong></span> <span class='ocrx_word' id='word_1_164' title='bbox 771 1752 951 1811; x_wconf 89' lang='lat' dir='ltr'><strong>fidem</strong></span> <span class='ocrx_word' id='word_1_165' title='bbox 1001 1752 1309 1831; x_wconf 88' lang='lat' dir='ltr'><strong>requirere,</strong></span> <span class='ocrx_word' id='word_1_166' title='bbox 1357 1753 1564 1831; x_wconf 88' lang='lat' dir='ltr'><strong>quibus</strong></span> <span class='ocrx_word' id='word_1_167' title='bbox 1593 1754 1829 1815; x_wconf 84' lang='lat' dir='ltr'><strong>credere</strong></span> 
     </span>
     <span class='ocr_line' id='line_1_22' title="bbox 96 1833 1447 1914; baseline -0.001 -20"><span class='ocrx_word' id='word_1_168' title='bbox 96 1837 159 1895; x_wconf 73' lang='grc' dir='ltr'><strong>δε</strong></span> <span class='ocrx_word' id='word_1_169' title='bbox 188 1834 468 1914; x_wconf 85' lang='lat' dir='ltr'><strong>poenitere</strong></span> <span class='ocrx_word' id='word_1_170' title='bbox 496 1834 596 1893; x_wconf 92' lang='lat' dir='ltr'><strong>suo</strong></span> <span class='ocrx_word' id='word_1_171' title='bbox 617 1834 852 1893; x_wconf 88' lang='lat' dir='ltr'><strong>decreto</strong></span> <span class='ocrx_word' id='word_1_172' title='bbox 869 1833 1217 1913; x_wconf 84' lang='lat' dir='ltr'><strong>impoffibile</strong></span> <span class='ocrx_word' id='word_1_173' title='bbox 1232 1834 1447 1895; x_wconf 84' lang='lat' dir='ltr'><strong>fecerit.</strong></span> 
     </span>
     <span class='ocr_line' id='line_1_23' title="bbox 180 1913 1829 1994; baseline 0 -20"><span class='ocrx_word' id='word_1_174' title='bbox 180 1916 316 1975; x_wconf 89' lang='lat' dir='ltr'>VII.</span> <span class='ocrx_word' id='word_1_175' title='bbox 364 1916 767 1984; x_wconf 79' lang='lat' dir='ltr'><strong>PRAETEREA,</strong></span> <span class='ocrx_word' id='word_1_176' title='bbox 794 1913 1278 1994; x_wconf 81' lang='lat' dir='ltr'><strong>fiScripturarum</strong></span> <span class='ocrx_word' id='word_1_177' title='bbox 1312 1915 1699 1975; x_wconf 87' lang='lat' dir='ltr'><strong>testimonium</strong></span> <span class='ocrx_word' id='word_1_178' title='bbox 1724 1916 1829 1974; x_wconf 66' lang='lat' dir='ltr'><strong>hac</strong></span> 
     </span>
     <span class='ocr_line' id='line_1_24' title="bbox 99 1995 1823 2066; baseline -0.001 -10"><span class='ocrx_word' id='word_1_179' title='bbox 99 1998 156 2056; x_wconf 93' lang='lat' dir='ltr'><strong>in</strong></span> <span class='ocrx_word' id='word_1_180' title='bbox 203 2017 264 2056; x_wconf 85' lang='lat' dir='ltr'><strong>re</strong></span> <span class='ocrx_word' id='word_1_181' title='bbox 300 1995 872 2062; x_wconf 77' lang='lat' dir='ltr'><strong>animadvertamu33</strong></span> <span class='ocrx_word' id='word_1_182' title='bbox 944 2016 1014 2055; x_wconf 88' lang='lat' dir='ltr'><strong>ne</strong></span> <span class='ocrx_word' id='word_1_183' title='bbox 1078 2017 1220 2054; x_wconf 85' lang='lat' dir='ltr'><strong>unus</strong></span> <span class='ocrx_word' id='word_1_184' title='bbox 1276 1996 1593 2055; x_wconf 83' lang='lat' dir='ltr'><strong>invenietur</strong></span> <span class='ocrx_word' id='word_1_185' title='bbox 1643 1997 1823 2066; x_wconf 59' lang='lat' dir='ltr'><strong>Imm,</strong></span> 
     </span>
     <span class='ocr_line' id='line_1_25' title="bbox 99 2076 1831 2157; baseline -0.001 -19"><span class='ocrx_word' id='word_1_186' title='bbox 99 2099 274 2157; x_wconf 89' lang='lat' dir='ltr'><strong>quem</strong></span> <span class='ocrx_word' id='word_1_187' title='bbox 325 2076 579 2146; x_wconf 90' lang='lat' dir='ltr'><strong>memini,</strong></span> <span class='ocrx_word' id='word_1_188' title='bbox 645 2097 762 2157; x_wconf 93' lang='lat' dir='ltr'><strong>quo</strong></span> <span class='ocrx_word' id='word_1_189' title='bbox 796 2076 1121 2136; x_wconf 82' lang='lat' dir='ltr'><strong>affirmatur</strong></span> <span class='ocrx_word' id='word_1_190' title='bbox 1158 2077 1451 2136; x_wconf 87' lang='lat' dir='ltr'><strong>Christum</strong></span> <span class='ocrx_word' id='word_1_191' title='bbox 1488 2097 1599 2157; x_wconf 88' lang='lat' dir='ltr'><strong>pro</strong></span> <span class='ocrx_word' id='word_1_192' title='bbox 1644 2078 1831 2138; x_wconf 89' lang='lat' dir='ltr'><strong>omni-</strong></span> 
     </span>
     <span class='ocr_line' id='line_1_26' title="bbox 104 2158 1832 2228; baseline 0 -10"><span class='ocrx_word' id='word_1_193' title='bbox 104 2161 210 2219; x_wconf 87' lang='lat' dir='ltr'><strong>bus</strong></span> <span class='ocrx_word' id='word_1_194' title='bbox 262 2179 378 2218; x_wconf 91' lang='lat' dir='ltr'><strong>non</strong></span> <span class='ocrx_word' id='word_1_195' title='bbox 438 2158 546 2217; x_wconf 87' lang='lat' dir='ltr'><strong>effe</strong></span> <span class='ocrx_word' id='word_1_196' title='bbox 592 2174 913 2228; x_wconf 90' lang='lat' dir='ltr'><strong>mortuum,</strong></span> <span class='ocrx_word' id='word_1_197' title='bbox 993 2178 1127 2218; x_wconf 91' lang='lat' dir='ltr'><strong>curn</strong></span> <span class='ocrx_word' id='word_1_198' title='bbox 1186 2158 1357 2218; x_wconf 87' lang='lat' dir='ltr'><strong>multi</strong></span> <span class='ocrx_word' id='word_1_199' title='bbox 1414 2159 1733 2218; x_wconf 84' lang='lat' dir='ltr'><strong>luculenter</strong></span> <span class='ocrx_word' id='word_1_200' title='bbox 1771 2161 1832 2218; x_wconf 87' lang='lat'>&amp;</span> 
     </span>
     <span class='ocr_line' id='line_1_27' title="bbox 100 2238 1829 2318; baseline 0.001 -20"><span class='ocrx_word' id='word_1_201' title='bbox 100 2240 305 2300; x_wconf 71' lang='lat' dir='ltr'><strong>diserte</strong></span> <span class='ocrx_word' id='word_1_202' title='bbox 343 2239 637 2299; x_wconf 86' lang='lat' dir='ltr'><strong>affirmant</strong></span> <span class='ocrx_word' id='word_1_203' title='bbox 675 2238 841 2300; x_wconf 89' lang='lat' dir='ltr'><strong>illum</strong></span> <span class='ocrx_word' id='word_1_204' title='bbox 880 2259 991 2318; x_wconf 90' lang='lat' dir='ltr'><strong>pro</strong></span> <span class='ocrx_word' id='word_1_205' title='bbox 1027 2240 1295 2300; x_wconf 88' lang='lat' dir='ltr'><strong>omnibus</strong></span> <span class='ocrx_word' id='word_1_206' title='bbox 1351 2240 1458 2298; x_wconf 83' lang='lat' dir='ltr'><strong>effe</strong></span> <span class='ocrx_word' id='word_1_207' title='bbox 1509 2255 1829 2311; x_wconf 86' lang='lat' dir='ltr'><strong>mortuum,</strong></span> 
     </span>
     <span class='ocr_line' id='line_1_28' title="bbox 106 2319 1829 2402; baseline 0 -22"><span class='ocrx_word' id='word_1_208' title='bbox 106 2321 222 2380; x_wconf 91' lang='lat' dir='ltr'><strong>scil.</strong></span> <span class='ocrx_word' id='word_1_209' title='bbox 278 2343 302 2382; x_wconf 92' lang='lat'>1</span> <span class='ocrx_word' id='word_1_210' title='bbox 340 2319 501 2379; x_wconf 91' lang='lat' dir='ltr'><strong>Tim.</strong></span> <span class='ocrx_word' id='word_1_211' title='bbox 535 2320 588 2379; x_wconf 84' lang='lat' dir='ltr'><strong>ii.</strong></span> <span class='ocrx_word' id='word_1_212' title='bbox 636 2345 683 2391; x_wconf 84' lang='grc' dir='ltr'><strong>ι,</strong></span> <span class='ocrx_word' id='word_1_213' title='bbox 720 2341 777 2399; x_wconf 83' lang='lat'><strong>3,</strong></span> <span class='ocrx_word' id='word_1_214' title='bbox 809 2342 868 2396; x_wconf 89' lang='lat'><strong>4,</strong></span> <span class='ocrx_word' id='word_1_215' title='bbox 909 2321 961 2378; x_wconf 88' lang='lat'><strong>6.</strong></span> <span class='ocrx_word' id='word_1_216' title='bbox 1000 2321 1275 2381; x_wconf 82' lang='lat' dir='ltr'><strong>Adhortor</strong></span> <span class='ocrx_word' id='word_1_217' title='bbox 1302 2323 1465 2402; x_wconf 79' lang='lat' dir='ltr'><strong>igitur</strong></span> <span class='ocrx_word' id='word_1_218' title='bbox 1484 2335 1607 2380; x_wconf 84' lang='lat' dir='ltr'><strong>ante</strong></span> <span class='ocrx_word' id='word_1_219' title='bbox 1632 2327 1829 2393; x_wconf 85' lang='lat' dir='ltr'><strong>omnia,</strong></span> 
     </span>
     <span class='ocr_line' id='line_1_29' title="bbox 105 2401 1835 2482; baseline 0 -20"><span class='ocrx_word' id='word_1_220' title='bbox 105 2415 166 2462; x_wconf 89' lang='lat' dir='ltr'><strong>ut</strong></span> <span class='ocrx_word' id='word_1_221' title='bbox 187 2404 338 2478; x_wconf 90' lang='lat' dir='ltr'><strong>fiant</strong></span> <span class='ocrx_word' id='word_1_222' title='bbox 373 2401 772 2480; x_wconf 77' lang='lat' dir='ltr'><strong>deprecationes,</strong></span> <span class='ocrx_word' id='word_1_223' title='bbox 809 2418 1009 2479; x_wconf 85' lang='lat' dir='ltr'><strong>preces,</strong></span> <span class='ocrx_word' id='word_1_224' title='bbox 1057 2402 1496 2480; x_wconf 79' lang='lat' dir='ltr'><strong>interpellationes</strong></span> <span class='ocrx_word' id='word_1_225' title='bbox 1538 2403 1605 2463; x_wconf 52' lang='grc' dir='ltr'><strong>ἐξ</strong></span> <span class='ocrx_word' id='word_1_226' title='bbox 1622 2408 1835 2482; x_wconf 83' lang='lat' dir='ltr'><strong>gratia-</strong></span> 
     </span>
     <span class='ocr_line' id='line_1_30' title="bbox 106 2482 1836 2561; baseline 0.001 -18"><span class='ocrx_word' id='word_1_227' title='bbox 106 2505 229 2543; x_wconf 85' lang='lat' dir='ltr'><strong>rum</strong></span> <span class='ocrx_word' id='word_1_228' title='bbox 256 2485 481 2543; x_wconf 73' lang='lat' dir='ltr'><strong>attiones</strong></span> <span class='ocrx_word' id='word_1_229' title='bbox 518 2499 622 2561; x_wconf 90' lang='lat' dir='ltr'><strong>pro</strong></span> <span class='ocrx_word' id='word_1_230' title='bbox 677 2484 911 2543; x_wconf 84' lang='lat' dir='ltr'><strong>omnibus</strong></span> <span class='ocrx_word' id='word_1_231' title='bbox 939 2483 1245 2545; x_wconf 83' lang='lat' dir='ltr'><strong>hominibus.</strong></span> <span class='ocrx_word' id='word_1_232' title='bbox 1333 2482 1484 2543; x_wconf 86' lang='lat' dir='ltr'><strong>Nam</strong></span> <span class='ocrx_word' id='word_1_233' title='bbox 1511 2484 1603 2542; x_wconf 86' lang='lat' dir='ltr'><strong>hoc</strong></span> <span class='ocrx_word' id='word_1_234' title='bbox 1647 2486 1836 2544; x_wconf 82' lang='lat' dir='ltr'><strong>bonnm</strong></span> 
     </span>
     <span class='ocr_line' id='line_1_31' title="bbox 108 2565 1837 2646; baseline -0.001 -19"><span class='ocrx_word' id='word_1_235' title='bbox 108 2566 198 2641; x_wconf 83' lang='lat' dir='ltr'><strong>est,</strong></span> <span class='ocrx_word' id='word_1_236' title='bbox 245 2565 315 2626; x_wconf 55' lang='grc' dir='ltr'><strong>ἑά</strong></span> <span class='ocrx_word' id='word_1_237' title='bbox 345 2577 605 2642; x_wconf 83' lang='lat' dir='ltr'><strong>acceptum</strong></span> <span class='ocrx_word' id='word_1_238' title='bbox 638 2567 693 2623; x_wconf 88' lang='lat' dir='ltr'><strong>in</strong></span> <span class='ocrx_word' id='word_1_239' title='bbox 730 2565 989 2642; x_wconf 62' lang='lat' dir='ltr'><strong>conspeetu</strong></span> <span class='ocrx_word' id='word_1_240' title='bbox 1012 2566 1317 2625; x_wconf 85' lang='lat' dir='ltr'><strong>Servatoris</strong></span> <span class='ocrx_word' id='word_1_241' title='bbox 1360 2565 1524 2637; x_wconf 76' lang='lat' dir='ltr'><strong>nostri</strong></span> <span class='ocrx_word' id='word_1_242' title='bbox 1573 2566 1702 2636; x_wconf 85' lang='lat' dir='ltr'><strong>Dei,</strong></span> <span class='ocrx_word' id='word_1_243' title='bbox 1747 2570 1837 2646; x_wconf 77' lang='lat' dir='ltr'><strong>qni</strong></span> 
     </span>
     <span class='ocr_line' id='line_1_32' title="bbox 107 2646 1840 2725; baseline 0.001 -19"><span class='ocrx_word' id='word_1_244' title='bbox 107 2668 278 2706; x_wconf 88' lang='lat' dir='ltr'><strong>omnes</strong></span> <span class='ocrx_word' id='word_1_245' title='bbox 324 2647 550 2705; x_wconf 85' lang='lat' dir='ltr'><strong>homines</strong></span> <span class='ocrx_word' id='word_1_246' title='bbox 577 2646 702 2705; x_wconf 82' lang='lat' dir='ltr'><strong>vult</strong></span> <span class='ocrx_word' id='word_1_247' title='bbox 734 2647 978 2723; x_wconf 70' lang='lat' dir='ltr'><strong>servari,</strong></span> <span class='ocrx_word' id='word_1_248' title='bbox 1045 2646 1115 2706; x_wconf 61' lang='grc' dir='ltr'><strong>ἑὸ)</strong></span> <span class='ocrx_word' id='word_1_249' title='bbox 1144 2646 1219 2705; x_wconf 90' lang='lat' dir='ltr'><strong>ad</strong></span> <span class='ocrx_word' id='word_1_250' title='bbox 1244 2650 1553 2725; x_wconf 77' lang='lat' dir='ltr'><strong>agnitionem</strong></span> <span class='ocrx_word' id='word_1_251' title='bbox 1591 2651 1840 2707; x_wconf 84' lang='lat' dir='ltr'><strong>veritatis</strong></span> 
     </span>
     <span class='ocr_line' id='line_1_33' title="bbox 110 2725 1839 2808; baseline 0.002 -24"><span class='ocrx_word' id='word_1_252' title='bbox 110 2731 309 2786; x_wconf 86' lang='lat' dir='ltr'><strong>venire.</strong></span> <span class='ocrx_word' id='word_1_253' title='bbox 423 2726 538 2804; x_wconf 75' lang='lat' dir='ltr'><strong>Qi</strong></span> <span class='ocrx_word' id='word_1_254' title='bbox 570 2729 674 2805; x_wconf 70' lang='lat' dir='ltr'><strong>sese</strong></span> <span class='ocrx_word' id='word_1_255' title='bbox 728 2728 828 2804; x_wconf 74' lang='lat' dir='ltr'><strong>ipfi’</strong></span> <span class='ocrx_word' id='word_1_256' title='bbox 871 2725 1011 2785; x_wconf 85' lang='lat' dir='ltr'><strong>dedit</strong></span> <span class='ocrx_word' id='word_1_257' title='bbox 1056 2727 1417 2804; x_wconf 82' lang='lat' dir='ltr'><strong>redemptionis</strong></span> <span class='ocrx_word' id='word_1_258' title='bbox 1461 2730 1696 2805; x_wconf 81' lang='lat' dir='ltr'><strong>pretinm</strong></span> <span class='ocrx_word' id='word_1_259' title='bbox 1734 2746 1839 2808; x_wconf 84' lang='lat' dir='ltr'><strong>pro</strong></span> 
     </span>
     <span class='ocr_line' id='line_1_34' title="bbox 112 2807 1839 2890; baseline 0.002 -24"><span class='ocrx_word' id='word_1_260' title='bbox 112 2808 360 2873; x_wconf 81' lang='lat' dir='ltr'><strong>omnibus.</strong></span> <span class='ocrx_word' id='word_1_261' title='bbox 433 2807 559 2867; x_wconf 83' lang='lat' dir='ltr'><strong>Nifi</strong></span> <span class='ocrx_word' id='word_1_262' title='bbox 608 2807 877 2867; x_wconf 87' lang='lat' dir='ltr'><strong>volumus</strong></span> <span class='ocrx_word' id='word_1_263' title='bbox 930 2807 1286 2886; x_wconf 86' lang='lat' dir='ltr'><strong>Apostolum</strong></span> <span class='ocrx_word' id='word_1_264' title='bbox 1336 2808 1446 2867; x_wconf 85' lang='lat' dir='ltr'><strong>hoc</strong></span> <span class='ocrx_word' id='word_1_265' title='bbox 1490 2809 1622 2872; x_wconf 80' lang='lat' dir='ltr'><strong>loco</strong></span> <span class='ocrx_word' id='word_1_266' title='bbox 1670 2810 1839 2890; x_wconf 73' lang='lat' dir='ltr'><strong>plane</strong></span> 
     </span>
     <span class='ocr_line' id='line_1_35' title="bbox 114 2886 1843 2967; baseline 0.002 -20"><span class='ocrx_word' id='word_1_267' title='bbox 114 2886 491 2958; x_wconf 83' lang='lat' dir='ltr'><strong>contrarium,</strong></span> <span class='ocrx_word' id='word_1_268' title='bbox 564 2907 740 2967; x_wconf 83' lang='lat' dir='ltr'><strong>quam</strong></span> <span class='ocrx_word' id='word_1_269' title='bbox 787 2888 966 2947; x_wconf 86' lang='lat' dir='ltr'><strong>verba</strong></span> <span class='ocrx_word' id='word_1_270' title='bbox 1015 2887 1362 2967; x_wconf 85' lang='lat' dir='ltr'><strong>exprimunt,</strong></span> <span class='ocrx_word' id='word_1_271' title='bbox 1424 2889 1655 2958; x_wconf 76' lang='lat' dir='ltr'><strong>senfiffe,</strong></span> <span class='ocrx_word' id='word_1_272' title='bbox 1701 2891 1843 2950; x_wconf 87' lang='lat' dir='ltr'><strong>nihil</strong></span> 
     </span>
     <span class='ocr_line' id='line_1_36' title="bbox 112 2965 1842 3049; baseline 0.002 -22"><span class='ocrx_word' id='word_1_273' title='bbox 112 2965 450 3028; x_wconf 86' lang='lat' dir='ltr'><strong>luculentius</strong></span> <span class='ocrx_word' id='word_1_274' title='bbox 479 2967 554 3027; x_wconf 87' lang='lat' dir='ltr'><strong>ad</strong></span> <span class='ocrx_word' id='word_1_275' title='bbox 582 2968 1042 3028; x_wconf 75' lang='lat' dir='ltr'><strong>confirmandam</strong></span> <span class='ocrx_word' id='word_1_276' title='bbox 1081 2970 1537 3049; x_wconf 86' lang='lat' dir='ltr'><strong>propofitionem</strong></span> <span class='ocrx_word' id='word_1_277' title='bbox 1587 2971 1842 3031; x_wconf 77' lang='lat' dir='ltr'><strong>nostram</strong></span> 
     </span>
     <span class='ocr_line' id='line_1_37' title="bbox 113 3048 1839 3132; baseline 0.001 -23"><span class='ocrx_word' id='word_1_278' title='bbox 113 3050 222 3109; x_wconf 87' lang='lat' dir='ltr'><strong>esse</strong></span> <span class='ocrx_word' id='word_1_279' title='bbox 244 3048 451 3127; x_wconf 89' lang='lat' dir='ltr'><strong>potest.</strong></span> <span class='ocrx_word' id='word_1_280' title='bbox 539 3049 727 3132; x_wconf 82' lang='lat' dir='ltr'><strong>Qod</strong></span> <span class='ocrx_word' id='word_1_281' title='bbox 743 3049 921 3108; x_wconf 85' lang='lat' dir='ltr'><strong>etiam</strong></span> <span class='ocrx_word' id='word_1_282' title='bbox 957 3048 1342 3110; x_wconf 89' lang='lat' dir='ltr'><strong>testimonium</strong></span> <span class='ocrx_word' id='word_1_283' title='bbox 1367 3052 1589 3131; x_wconf 63' lang='lat' dir='ltr'><strong>optime</strong></span> <span class='ocrx_word' id='word_1_284' title='bbox 1613 3053 1839 3132; x_wconf 84' lang='lat' dir='ltr'><strong>respon·</strong></span> 
     </span>
     <span class='ocr_line' id='line_1_38' title="bbox 111 3129 1835 3210; baseline 0.003 -22"><span class='ocrx_word' id='word_1_285' title='bbox 111 3129 214 3206; x_wconf 82' lang='lat' dir='ltr'><strong>det</strong></span> <span class='ocrx_word' id='word_1_286' title='bbox 234 3129 318 3188; x_wconf 91' lang='lat' dir='ltr'><strong>illi</strong></span> <span class='ocrx_word' id='word_1_287' title='bbox 346 3129 787 3210; x_wconf 83' lang='lat' dir='ltr'><strong>argumentandi</strong></span> <span class='ocrx_word' id='word_1_288' title='bbox 815 3130 1031 3209; x_wconf 88' lang='lat' dir='ltr'><strong>generi,</strong></span> <span class='ocrx_word' id='word_1_289' title='bbox 1077 3151 1195 3210; x_wconf 90' lang='lat' dir='ltr'><strong>quo</strong></span> <span class='ocrx_word' id='word_1_290' title='bbox 1225 3132 1492 3191; x_wconf 65' lang='lat' dir='ltr'><strong>haftenus</strong></span> <span class='ocrx_word' id='word_1_291' title='bbox 1521 3132 1603 3191; x_wconf 90' lang='lat' dir='ltr'><strong>us1</strong></span> <span class='ocrx_word' id='word_1_292' title='bbox 1631 3133 1835 3194; x_wconf 85' lang='lat' dir='ltr'><strong>sumus.</strong></span> 
     </span>
     <span class='ocr_line' id='line_1_39' title="bbox 108 3208 1836 3304; baseline 0.003 -34"><span class='ocrx_word' id='word_1_293' title='bbox 108 3209 278 3270; x_wconf 83' lang='lat' dir='ltr'><strong>Nam</strong></span> <span class='ocrx_word' id='word_1_294' title='bbox 300 3210 512 3291; x_wconf 61' lang='lat' dir='ltr'><strong>primi),</strong></span> <span class='ocrx_word' id='word_1_295' title='bbox 549 3208 716 3298; x_wconf 83' lang='lat' dir='ltr'><strong>jubet</strong></span> <span class='ocrx_word' id='word_1_296' title='bbox 736 3209 864 3287; x_wconf 84' lang='lat' dir='ltr'><strong>illos</strong></span> <span class='ocrx_word' id='word_1_297' title='bbox 884 3210 1206 3304; x_wconf 76' lang='lat' dir='ltr'><strong>Apostolus</strong></span> <span class='ocrx_word' id='word_1_298' title='bbox 1237 3230 1341 3290; x_wconf 88' lang='lat' dir='ltr'><strong>pro</strong></span> <span class='ocrx_word' id='word_1_299' title='bbox 1377 3214 1610 3274; x_wconf 82' lang='lat' dir='ltr'><strong>omnibns</strong></span> <span class='ocrx_word' id='word_1_300' title='bbox 1636 3237 1836 3281; x_wconf 79' lang='lat' dir='ltr'><strong>orare3</strong></span> 
     </span>
     <span class='ocr_line' id='line_1_40' title="bbox 48 3289 1842 3374; baseline -0.001 -18"><span class='ocrx_word' id='word_1_301' title='bbox 48 3363 50 3374; x_wconf 27' lang='grc' dir='ltr'>ζ</span> <span class='ocrx_word' id='word_1_302' title='bbox 114 3289 182 3353; x_wconf 61' lang='grc' dir='ltr'><strong>ἃ</strong></span> <span class='ocrx_word' id='word_1_303' title='bbox 226 3306 292 3371; x_wconf 72' lang='lat' dir='ltr'><strong>ut</strong></span> <span class='ocrx_word' id='word_1_304' title='bbox 319 3291 419 3356; x_wconf 80' lang='lat' dir='ltr'><strong>tali</strong></span> <span class='ocrx_word' id='word_1_305' title='bbox 468 3290 776 3372; x_wconf 75' lang='lat' dir='ltr'><strong>objeffioni</strong></span> <span class='ocrx_word' id='word_1_306' title='bbox 812 3292 1032 3366; x_wconf 81' lang='lat' dir='ltr'><strong>obvlet,</strong></span> <span class='ocrx_word' id='word_1_307' title='bbox 1078 3311 1147 3354; x_wconf 84' lang='lat' dir='ltr'><strong>ne</strong></span> <span class='ocrx_word' id='word_1_308' title='bbox 1180 3294 1303 3374; x_wconf 84' lang='lat' dir='ltr'><strong>quis</strong></span> <span class='ocrx_word' id='word_1_309' title='bbox 1333 3314 1466 3356; x_wconf 87' lang='lat' dir='ltr'><strong>cum</strong></span> <span class='ocrx_word' id='word_1_310' title='bbox 1512 3296 1842 3355; x_wconf 82' lang='lat' dir='ltr'><strong>adversariis</strong></span> 
     </span>
    </p>
   </div>
   <div class='ocr_carea' id='block_1_3' title="bbox 1635 3377 1839 3440">
    <p class='ocr_par' dir='ltr' id='par_1_3' title="bbox 1635 3377 1839 3440">
     <span class='ocr_line' id='line_1_41' title="bbox 1635 3377 1839 3440; baseline 0.01 -2"><span class='ocrx_word' id='word_1_311' title='bbox 1635 3377 1839 3440; x_wconf 74' lang='lat' dir='ltr'><strong>nostris</strong></span> 
     </span>
    </p>
   </div>
  </div>
 </body>
</html>
