2086 3640
191 135 351 210 394‘
398 129 811 194 THESIS
865 132 1345 198 DECIMA
1385 134 1806 201 TERTIA.

174 239 490 319 sangninem
533 242 661 321 ejus,
706 238 807 319 qui
843 238 1050 298 effusus
1078 238 1189 299 fuit
1228 259 1342 320 pro
1372 238 1455 298 iis.
1537 241 1597 301 Si
1639 242 1932 306 nihilomi-

188 339 313 390 nuS,
379 320 513 402 quia
552 319 797 380 credunt
850 319 1109 382 officium
1150 321 1316 380 suum
1362 321 1472 381 effe
1511 320 1591 382 ita
1626 343 1821 405 agere,
1863 327 1932 387 δε

191 399 593 462 conscientiam
635 399 693 461 in
739 402 819 461 ita
840 401 1064 483 agendo
1094 416 1339 484 ponunt,
1385 418 1486 462 aut
1510 400 1568 464 in
1607 419 1725 465 non·
1753 425 1931 496 agen-

196 480 278 540 do
300 501 537 561 peccare
559 483 612 541 se
636 499 864 563 putant,
921 482 965 542 fi
992 483 1105 544 fine
1125 483 1317 545 debita
1360 483 1457 544 illa
1501 501 1930 566 praeparatione

194 561 261 621 δε
317 563 742 625 examinatione
776 580 977 646 agunt,
1042 565 1156 647 qua
1196 564 1386 626 omnis
1431 567 1589 626 actus
1634 566 1935 647 religiosus

193 644 455 723 praestari
489 643 685 718 debet,
729 661 889 719 tunc,
936 645 1081 707 dum
1124 647 1744 709 commemorationem
1773 668 1935 709 mor-

196 722 266 783 tis
294 725 536 788 Domini
584 746 781 788 revera
819 726 1067 808 ejusdem
1108 749 1316 811 corpus
1354 728 1417 787 &
1457 728 1786 809 sanguinem
1824 731 1935 791 effe

195 807 591 888 praetendunt,
635 809 967 891 semetipsos
1005 831 1118 872 reos
1152 815 1377 890 corporis
1414 811 1485 875 {9³
1512 811 1790 893 sanguinis
1827 812 1938 894 ejus

196 888 472 961 reddunt,
517 891 656 950 cum
697 891 903 951 eodem
945 890 1056 952 fint
1080 891 1282 973 spiritu
1308 913 1441 954 cum
1468 889 1604 963 illis,
1647 891 1747 974 qui
1767 890 1936 956 illum

196 970 646 1051 crucifigebant,
716 970 943 1054 ejusque
1001 973 1334 1054 sanguinem
1381 973 1729 1044 effuderunt,
1801 971 1941 1035 licet

196 1047 429 1188 {ipsimet
453 1051 558 1114 fibi
595 1051 898 1114 videantur
925 1071 1060 1114 cum
1097 1055 1420 1134 gratiarum
1456 1054 1679 1115 actione
1705 1053 1768 1114 ὅτ
1794 1073 1940 1134 gau-

239 1148 298 1214 io
337 1132 504 1193 illam
543 1153 1026 1200 commemorare.
1111 1137 1204 1197 Sic
1242 1138 1440 1198 Scriba
1477 1136 1540 1196 81
1581 1136 1850 1213 Phar-isai
1873 1155 1940 1196 o-

202 1208 311 1274 lim
348 1213 689 1276 dicebantur
729 1216 762 1275 a
807 1216 1160 1279 Christ0.rei
1205 1220 1300 1300 effl’
1321 1219 1428 1300 san
1461 1219 1599 1279 uinis
1639 1218 1944 1296 Propheta-

199 1311 346 1366 rum,
394 1294 531 1356 licet
557 1300 612 1358 in
648 1302 953 1360 memoriam
993 1300 1390 1379 Prophetarum
1416 1241 1721 1381 fgepulchra
1737 1317 1943 1359 eorum

199 1377 568 1437 adornarent:
653 1379 737 1439 Et
756 1380 915 1460 quod
941 1380 1083 1440 nihil
1111 1382 1359 1462 amplius
1407 1380 1538 1442 hinc
1581 1378 1774 1439 inferri
1809 1379 1942 1460 pos-

200 1455 291 1528 fit,
336 1473 499 1537 patet
548 1458 588 1516 6:v
619 1459 890 1520 sententia
931 1459 1180 1539 ejusdem
1220 1460 1501 1542 Apostoli
1527 1460 1601 1520 ad
1621 1460 1803 1520 Rom.
1824 1458 1942 1523 xiv.

205 1557 237 1596 2
247 1559 303 1616 3.
347 1542 439 1620 qui
479 1551 655 1599 autem
693 1540 923 1611 dubitat,
951 1542 1009 1619 si
1039 1542 1462 1612 manducaverit,
1507 1541 1790 1601 damnatus
1824 1541 1896 1620 est
1920 1564 1942 1608 3

203 1618 288 1681 ibi
335 1620 489 1682 enim
551 1621 812 1703 loquitur
859 1623 933 1681 de
974 1621 1059 1693 iis,
1124 1621 1223 1703 qui
1286 1621 1559 1683 illicitum
1604 1619 1951 1700 judicabant

202 1721 435 1762 carnem
472 1700 663 1774 edere,
708 1701 828 1783 qui,
874 1702 917 1761 fi
963 1702 1289 1764 dubitantes
1332 1701 1528 1773 edant,
1573 1698 1681 1762 fibi
1713 1700 1949 1767 condem-

202 1787 466 1843 nationem
495 1782 828 1844 comedunt.
914 1783 1313 1845 Nihilominus
1347 1799 1541 1844 tamen
1583 1779 1948 1847 manifestum

203 1863 309 1936 est,
354 1865 447 1925 vel
488 1865 656 1926 edere
710 1864 806 1925 vel
847 1884 963 1926 non
993 1865 1162 1926 edere
1209 1884 1462 1935 carnem,
1506 1861 1653 1936 aliis,
1696 1860 1799 1946 qui
1831 1882 1950 1925 non

206 1946 609 2007 conscientiam
655 1946 712 2006 in
756 1946 866 2005 illo
896 1947 1224 2027 posuerant,
1268 1945 1481 2006 nullius
1528 1942 1816 2011 momenti
1857 1943 1950 2008 fu-

207 2025 320 2089 iffe.
405 2027 498 2086 Sic
538 2027 696 2099 dico,
743 2027 906 2098 ficut,
972 2027 1071 2108 qui
1119 2027 1430 2086 manducat
1475 2024 1643 2096 illud,
1686 2023 1846 2106 quod
1888 2025 1955 2092 in

206 2106 545 2168 conscientia
602 2107 696 2168 sua
738 2108 1027 2188 persuasus
1075 2109 1158 2169 est
1210 2107 1318 2170 fibi
1371 2126 1488 2166 non
1536 2105 1729 2172 licere'
1754 2103 1949 2179 edere,

206 2189 328 2249 edit
366 2187 473 2250 fibi
511 2189 981 2251 condemnationem
1000 2210 1021 2246 .·
1091 2189 1166 2250 fic
1204 2187 1378 2255 etiam
1426 2185 1544 2258 ille,
1604 2186 1696 2246 cui
1732 2186 1949 2252 consci-

206 2270 360 2332 entia
400 2271 482 2330 est
530 2269 696 2330 edere
725 2288 936 2352 panem
976 2269 1041 2329 &
1078 2270 1308 2340 vinum,
1351 2271 1500 2358 quali
1525 2273 1702 2337 afftum
1740 2265 1950 2355 religio-

190 2354 359 2433 sum3
405 2351 449 2410 fi
488 2371 607 2411 non
646 2366 1026 2434 praeparatuS,
1071 2367 1141 2418 ut⁶
1176 2351 1363 2420 decet,
1425 2349 1583 2420 edat,
1642 2369 1680 2409 n
1751 2368 1824 2407 ue
1850 2348 1952 2410 de-

206 2434 336 2496 bito
373 2454 445 2494 eo
483 2434 760 2513 respectu,
824 2453 943 2514 quo
979 2433 1143 2500 aetus
1179 2429 1430 2511 religiosi
1470 2430 1670 2511 peracri
1751 2431 1944 2501 ebent,

208 2515 327 2577 edit
352 2515 414 2574 ὅτ
456 2514 612 2575 bibit
648 2513 752 2578 fibi
791 2514 1281 2583 condemnationem,
1325 2533 1443 2574 non
1482 2478 1792 2590 ‘dijudicans
1830 2531 1946 2573 cor-

195 2615 304 2678 pus
319 2598 561 2668 Domini,
607 2616 711 2656 nec
732 2595 1208 2667 animadvertens,
1231 2592 1390 2678 quod
1406 2594 1573 2667 illud,
1610 2591 1768 2674 quod
1795 2592 1944 2672 agit,

191 2677 421 2760 speciali
461 2677 537 2738 ad
570 2677 861 2743 Dominum
893 2679 1124 2757 respectu
1159 2676 1302 2758 agit,
1348 2675 1410 2734 δε
1444 2675 1523 2736 ad
1555 2670 1946 2755 particularem

206 2762 737 2825 commemorationem
778 2763 959 2825 mortis
1003 2759 1221 2836 Christi.
1387 2777 1389 2780 ·

291 2841 398 2903 VI.
446 2842 595 2900 Cum
626 2839 752 2925 jam
789 2841 1057 2900 haetenus
1093 2837 1460 2910 ostenderim,
1515 2836 1657 2930 quid
1692 2835 1762 2900 fit
1807 2853 1946 2896 vera
1996 2889 1998 2891 .

211 2921 549 2982 communio
591 2922 854 3002 corporis
913 2924 977 2983 ὅτ
1012 2920 1293 3002 sanguinis
1343 2919 1576 2992 Christi,
1648 2916 1946 3004 quomodo

207 3003 608 3083 participetur,
651 3002 714 3066 ὃς
741 3001 1040 3082 quomodo
1071 3002 1294 3067 nullam
1321 3001 1683 3065 necefl‘ariam
1712 3014 1813 3062 aut
1837 2997 1944 3056 im·

210 3084 522 3149 mediatam
546 3082 885 3143 relationem
906 3083 1117 3149 habeat
1152 3102 1286 3147 cum
1308 3081 1405 3146 illa
1435 3079 1758 3146 cieremoniii¹
1773 3075 1942 3137 eden-

208 3159 268 3220 di
309 3183 522 3242 panem
559 3163 622 3223 ἅτ
658 3164 911 3229 bibendi,
941 3164 1166 3234 vinum,
1224 3160 1336 3249 qua
1386 3164 1514 3228 usus
1559 3163 1642 3225 est
1687 3155 1945 3220 Christus

187 3259 344 3301 “cum
375 3244 676 3322 Apostolis
709 3271 727 3312 ·,
771 3245 1006 3327 expedit
1032 3264 1184 3306 nunc
1212 3242 1566 3304 confiderare
1592 3251 1842 3307 naturam
1871 3236 1942 3302 ἔθ’

209 3323 613 3402 constitutionem
654 3325 801 3387 illius
837 3330 1135 3390 ceremonia
1164 3324 1348 3408 (quod
1387 3324 1538 3388 enim
1568 3321 1646 3384 ad
1661 3321 1943 3410 proprium

1836 3419 1943 3479 ejus
