2086 3640
274 108 341 171 18
539 98 1713 165 THESISSECUNDA.

262 209 744 279 antecedentium,
791 227 974 287 neque
1005 206 1239 289 alicujus
1268 205 1563 278 Ecclefiae,
1624 207 1741 267 five
1783 208 1996 290 populi

264 291 562 352 consensus
584 290 658 349 ad
675 287 1148 348 confirmandum
1175 308 1309 346 eum
1341 311 1360 355 ;
1408 287 1548 349 fides
1569 303 1763 350 tamen
1785 290 1901 368 ejus
1938 291 1997 351 in

262 375 357 433 hoc
380 373 622 441 verbum,
669 391 765 450 quo
791 369 1052 428 universo
1101 368 1320 428 mundo
1369 368 1738 440 contradixit,
1801 371 1864 430 &
1911 372 2000 452 ip-

263 454 411 523 sum,
482 453 545 510 &
593 451 842 511 domum
884 449 1055 531 ipfius
1110 449 1366 510 salvavit.
1468 450 1643 529 Cujus
1698 448 1776 510 rei
1824 453 2000 512 etiam

265 533 573 594 Abraham
610 531 827 612 infigne
858 530 1190 612 exemplum
1232 531 1550 604 exhibetur,
1597 531 1820 594 unde&
1835 546 2005 611 pater

247 614 498 691 fidelium
549 629 795 672 vocatus
836 613 938 685 est,
999 612 1097 692 qui
1139 626 1323 672 contra
1355 613 1503 691 spem
1556 617 1612 675 in
1636 618 1786 694 spem
1831 615 2001 673 credi-

263 695 389 775 diffe
424 694 670 775 dicitur:
714 693 772 755 in
819 714 895 756 eo
943 693 1107 774 quod
1148 691 1270 754 non
1314 694 1506 754 solum
1541 696 1792 776 patriam
1818 694 2003 756 liben-

264 790 354 836 ter
394 775 656 850 deseruit,
701 775 819 857 quo
859 775 1040 836 iturus
1081 791 1205 835 erat
1232 774 1511 835 nesciens:
1571 775 1736 856 quod
1762 775 2006 836 credidit

261 856 336 918 de
365 857 665 919 nativitate
691 858 863 919 Isaaci
886 873 1092 919 contra
1122 877 1359 918 ornnem
1387 856 1863 936 probabilitatem
1895 858 2005 919 hu·

264 959 500 1000 manam
531 962 546 999 ε
610 939 732 1002 imo
771 938 935 1020 quod
990 959 1108 999 non
1150 937 1428 998 recusavit
1465 938 1678 999 offerre
1717 938 1999 1010 Isaacum,

263 1019 404 1081 nihil
448 1019 731 1092 dubitans,
776 1019 910 1101 quia
954 1019 1017 1079 δε
1045 1018 1074 1077 a
1125 1019 1371 1079 mortuis
1398 1019 1658 1080 suscitare
1688 1036 1891 1102 potens
1918 1022 2002 1081 est

265 1100 444 1174 DeuS,
489 1102 588 1183 qui
641 1103 880 1173 dixerat,
955 1101 1024 1160 In
1075 1101 1254 1179 Isaaco
1300 1103 1579 1162 vocabitur
1636 1104 1736 1162 tibi
1772 1103 1951 1178 semen
1981 1128 2003 1164 .·

264 1181 349 1243 Et
374 1182 640 1265 denique,
688 1183 852 1264 quod
886 1181 944 1242 in
982 1181 1365 1262 prorniffione
1411 1182 1710 1263 requievit,
1758 1200 2002 1246 conten-

262 1277 357 1324 tus
418 1266 526 1325 esse
570 1264 1071 1346 ipse-peregrinus
1125 1263 1183 1322 in
1221 1264 1394 1334 terrai,
1455 1285 1633 1344 quam
1675 1285 1780 1345 per
1827 1265 2003 1326 fidem

263 1345 535 1406 credebat
569 1348 757 1406 semen
804 1345 920 1424 ejus
949 1345 1329 1426 pofl‘efl‘urum
1366 1365 1488 1405 non
1523 1345 1626 1406 nifi
1651 1346 1788 1429 post
1817 1347 2004 1408 multa

262 1424 466 1488 secula.
552 1428 621 1488 In
677 1429 757 1488 his
798 1428 1032 1488 omnibus
1073 1428 1179 1507 ejus
1223 1427 1360 1501 fidei
1401 1428 1649 1508 objecft'um
1707 1427 1791 1488 nil
1851 1429 2011 1489 aliud

260 1521 401 1578 erat,
463 1512 558 1570 niz
609 1512 820 1570 interna
867 1509 937 1570 &
979 1507 1283 1568 immediata
1339 1507 1542 1569 divinae
1581 1509 1875 1570 voluntatis
1916 1531 2004 1571 re-

261 1588 483 1661 velatio,
548 1593 688 1650 intus
735 1591 806 1651 ΕΒ
862 1589 1158 1650 immediate?
1204 1605 1308 1667 per
1366 1591 1625 1668 Spiritum
1661 1592 2001 1673 fignificatae.

262 1670 375 1729 Sed
417 1671 696 1750 quoniam
728 1671 786 1730 in
831 1669 939 1730 hac
974 1669 1393 1751 propofitionis
1435 1687 1601 1751 parte
1643 1672 2003 1734 mentionem

262 1751 601 1812 alternative
637 1751 894 1823 fecimuS,
940 1767 1307 1812 externarum
1327 1771 1570 1824 vocum,
1613 1752 2001 1826 somniorum,

260 1832 325 1890 ὅτ
352 1834 806 1914 apparitionum,
851 1833 1079 1893 videtur
1106 1833 1225 1892 hoc
1269 1833 1413 1894 loco
1443 1833 1863 1914 aliquantulum
1892 1835 2005 1897 dici

260 1913 470 1974 debere
517 1914 588 1975 de
624 1935 719 1986 e0,
782 1914 946 1995 quod
989 1934 1199 1974 eorum
1241 1915 1496 1995 respectu
1554 1914 1730 1995 objici
1783 1918 2000 2006 potest,

262 1995 442 2074 quafi,
489 1996 587 2076 qui
629 2018 780 2056 nunc
819 1996 998 2056 fidem
1026 1995 1186 2056 suam
1229 1995 1580 2056 immediatae
1610 1998 1674 2057 δε
1697 1998 2004 2076 objectivae

265 2076 602 2137 revelationi
630 2077 793 2139 inniti
827 2078 1060 2149 volunt,
1106 2078 1381 2138 deberent
1405 2076 1581 2138 etiam
1612 2078 2004 2140 confirmandi

261 2157 448 2237 gratia
487 2175 746 2218 externas
784 2179 981 2231 voceS,
1024 2158 1291 2231 vifioneS,
1336 2157 1577 2230 somnia,
1620 2159 1684 2219 &
1722 2159 1781 2219 id
1867 2179 2006 2222 enus

262 2238 376 2298 alia
416 2239 644 2301 habere.
725 2240 952 2301 Revera
992 2239 1231 2300 minime
1284 2240 1613 2321 negandum
1657 2239 1759 2313 est,
1869 2262 2004 2304 eum

263 2319 576 2400 aliquando
612 2321 960 2401 angelorum
994 2321 1311 2383 ministerio
1352 2322 1516 2382 usum
1543 2320 1722 2394 fuiffe‚
1768 2324 1868 2403 qui
1898 2323 2005 2387 hu-

266 2400 433 2461 mana
466 2402 654 2482 figura
695 2402 842 2463 olim
874 2402 1155 2483 quosdam
1198 2404 1442 2466 Sanaos
1483 2402 1774 2484 alloquuti
1819 2403 1949 2465 sunt
1980 2428 2003 2472 ;

2060 520 2086 532 V

263 2481 531 2561 quinimo
577 2484 735 2543 Deus
776 2483 887 2543 illis
940 2485 1211 2564 quaedam
1252 2485 1312 2546 in
1344 2484 1579 2547 somniis
1612 2486 1674 2546 ὅτ
1700 2485 2003 2546 nocturnis
2085 2540 2086 2566 ᾖ

264 2564 728 2643 apparitionibus
769 2565 1064 2638 revelavit,
1109 2586 1366 2646 quorum
1393 2566 1552 2628 nulla
1577 2587 1730 2627 nunc
1760 2566 2005 2627 omnino

265 2645 487 2705 ceffasse
530 2647 823 2706 affirmare
859 2647 1151 2718 audemus,
1194 2647 1450 2708 divinam
1475 2646 1803 2728 potentiam
1846 2647 1909 2707 &
1934 2647 2006 2707 li-

267 2725 555 2786 bertatem
594 2727 922 2800 limitandO,
986 2727 1045 2788 in
1086 2727 1350 2808 seipsum,
1419 2748 1560 2811 erga
1602 2729 1822 2791 liberos
1847 2728 2001 2800 suoS,

267 2807 703 2869 manifestanda
786 2810 919 2881 Sed,
976 2809 1119 2869 dum
1157 2808 1453 2888 objectum
1501 2808 1636 2870 fidei
1680 2806 2007 2870 confidera-

267 2907 417 2959 muS,
461 2909 603 2960 non,
661 2891 824 2970 quod
864 2890 1418 2953 circumstantialiter
1458 2891 1522 2950 &
1556 2890 2003 2963 accidentaliter,

267 2968 365 3027 sed
401 2971 565 3049 quod
599 2971 987 3033 universaliter
1027 2973 1088 3032 &
1133 2972 1574 3035 substantialiter
1616 2973 1696 3034 ita
1737 2973 1840 3044 est,
1882 2972 2004 3034 ani·

270 3050 748 3112 madvertendum
775 3053 874 3113 est.
959 3054 1247 3115 Praeterea
1275 3053 1737 3148 distinguendum
1757 3054 1839 3114 est
1853 3050 2006 3114 inter

271 3127 435 3201 illud,
496 3133 660 3210 quod
690 3133 1037 3195 dubitationi
1082 3137 1146 3195 &
1187 3134 1469 3197 delufiom
1511 3136 1774 3206 obvium,
1837 3132 2005 3196 ideo-

274 3228 388 3287 que
414 3210 642 3272 alterius
675 3214 839 3275 causa
870 3217 1166 3298 recipitur,
1207 3217 1270 3276 &
1295 3216 1444 3278 inter
1462 3216 1624 3291 illud,
1667 3215 1831 3297 quod
1857 3214 2005 3276 nulli

270 3289 621 3357 dubitationi
661 3297 907 3357 obvium
942 3297 1035 3359 sua
1064 3298 1303 3381 propria
1332 3297 1498 3360 causa
1537 3296 1811 3371 creditur,
1840 3297 2002 3388 quafi

1814 3397 2007 3463 prima
