2086 3640
394 58 484 126 De
524 27 802 140 maistas
841 57 912 123 δέ’
956 57 1267 139 Pastoribus
1311 60 1577 141 Ecclcfiae.
1739 80 1771 122 2
1779 79 1858 141 53

124 168 386 251 pothefin
424 168 774 240 aedificatur,
850 187 1027 248 quam
1075 188 1178 227 nos
1233 167 1376 248 pure
1426 187 1493 226 ne
1539 184 1723 239 amm,
1794 170 1859 229 δε

127 248 346 329 priore,
390 249 462 309 de
486 249 923 330 Perseverantid‚
968 248 1111 308 thefi
1133 250 1404 310 hactenus
1422 188 1818 322 reffitavimuS.

211 332 536 403 SECUNDO,
599 333 812 412 objicere
842 329 1113 409 possunt,
1157 329 1316 408 quod
1356 331 1493 389 cum
1549 350 1653 389 nos
1701 329 1861 389 affir-

130 430 379 484 memUS‚
424 429 895 492 unumquemque
952 409 1245 470 hominem
1296 411 1622 470 mensuram
1668 410 1861 471 saluti-

128 490 270 553 ferae
305 494 512 574 gratiae
534 494 763 563 habere,
808 510 926 550 non
973 491 1186 549 neceffe
1227 490 1318 562 fit,
1362 504 1430 550 ut
1479 490 1776 571 fingularis
1797 513 1862 552 a·

126 571 285 651 liqua
331 574 389 633 in
430 572 696 633 ministris
742 569 1100 652 qualificatio
1150 572 1275 642 fiat,
1319 592 1500 650 neque
1549 589 1616 631 ut
1671 572 1795 654 quis
1823 572 1862 631 a

127 651 462 723 ministeri0‚
508 653 671 732 hujus
709 650 957 722 defectu,
1001 650 1297 711 abstineat.
1383 652 1696 730 Respondw,
1733 652 1862 732 jam

124 733 584 795 demonstratum
624 733 738 806 est,·
770 731 849 794 ad
866 731 1323 792 constituendum
1370 733 1714 804 ministrum,
1760 756 1862 794 ne-

128 815 423 875 ceffariam
469 816 578 875 effe
624 814 927 896 specialem
982 812 1045 872 &
1092 812 1438 892 singularem
1487 815 1862 876 vocationem

127 914 234 974 per
276 897 389 955 Dei
429 896 749 977 Spiritum‚'
808 893 968 975 quod
1008 894 1089 952 est
1132 893 1273 973 quid
1318 893 1590 974 ampliuS,
1677 896 1859 976 quam

129 975 455 1036 universalis
471 1019 481 1025 ,.
496 977 595 1037 illa
640 975 849 1056 gratiae
904 975 1245 1055 dispensatio
1289 977 1557 1036 omnibus
1596 977 1859 1048 tributae,

129 1056 442 1118 secundum
484 1057 627 1118 illud
668 1055 966 1137 Apostoli,
1032 1056 1201 1116 Nemo
1238 1057 1377 1116 hanc
1409 1058 1519 1134 fibi
1559 1057 1864 1137 dignitatem

127 1138 399 1210 vendicat,
444 1141 543 1217 nist
574 1142 668 1220 qui
693 1139 730 1197 ὰ
752 1139 868 1198 Deo
894 1151 1112 1198 vocatus
1137 1141 1235 1216 fit,
1265 1140 1411 1215 ficut
1448 1138 1672 1198 Auram
1703 1139 1865 1198 Prae-

130 1233 308 1290 terea,
354 1239 464 1300 per.
513 1219 764 1300 gratiam
798 1219 1243 1299 intelligendum
1298 1219 1401 1291 est,
1449 1218 1593 1278 ficut
1623 1219 1871 1278 ministri

127 1300 486 1378 qualificatio
522 1301 625 1374 est,
671 1321 785 1361 non
837 1321 997 1360 mera
1039 1302 1101 1359 &
1150 1300 1303 1360 nuda
1340 1300 1545 1381 gratiae
1574 1300 1637 1358 ὅτ
1684 1301 1867 1359 Lucis

126 1381 410 1452 mensura,
459 1381 602 1441 ficut
655 1382 730 1443 ad
772 1381 1157 1462 arguendum,
1201 1383 1263 1440 ὅτ
1304 1384 1375 1442 ad
1415 1381 1697 1460 justitiam
1727 1402 1866 1440 con-

114 1462 490 1535 vertendum,
534 1463 931 1524 distribuitur:
976 1463 1071 1523 sed
1127 1463 1238 1523 hoc
1281 1463 1415 1522 loco
1471 1462 1722 1542 gratiam
1779 1463 1865 1523 in-

130 1542 466 1621 telligimuS,
514 1543 663 1604 ficut?
706 1544 962 1604 animam
995 1545 1305 1615 convertit,
1351 1545 1414 1604 ὅτ
1454 1544 1683 1603 fortiter
1712 1544 1769 1602 in
1798 1545 1868 1603 ea
1958 1577 1960 1579 ·

129 1638 370 1701 operata
418 1624 522 1696 est,
564 1639 632 1684 ut
671 1623 871 1704 postea
914 1626 987 1682 de
1030 1644 1206 1703 opere
1256 1625 1652 1685 ministrorum
1688 1624 1876 1684 fufius

131 1702 539 1768 declarabitur.
622 1706 768 1766 Non
795 1704 972 1786 igitur
993 1705 1368 1786 intelligimus
1397 1706 1679 1778 homineS,
1726 1726 1866 1786 pro*

130 1800 198 1842 ut
237 1785 490 1865 gratiam
528 1787 588 1845 in
627 1786 682 1847 se
723 1786 881 1866 quafi
924 1787 1115 1846 semen
1136 1787 1350 1848 habent
1388 1791 1590 1867 (quam
1626 1787 1866 1867 quidem

129 1864 382 1925 fatemur
410 1887 608 1928 omnes
647 1868 958 1928 secundum
980 1868 1234 1947 aliquam
1277 1870 1599 1929 mensuram
1630 1869 1867 1948 habere)

129 1945 225 2004 sed
270 1948 529 2007 homines
570 1949 851 2028 gratiosos
887 1949 1264 2030 intelligimus
1305 1950 1371 2010 ea
1412 1949 1783 2009 fermentatos
1806 1951 1866 2010 in

130 2043 401 2087 naturam
437 2029 612 2106 illius,
656 2030 719 2089 &
758 2031 949 2091 bonos
993 2030 1123 2090 illos
1166 2030 1385 2093 frustus
1437 2031 1859 2111 temperantiae,

120 2106 381 2185 justitiae‚
427 2111 673 2190 pietatis,
720 2113 835 2172 ὅτε.
880 2112 1277 2191 producenteS‚
1350 2132 1496 2193 quos
1540 2112 1870 2192 Apostolus

124 2190 185 2249 in
224 2210 369 2250 vero
410 2192 734 2253 Christiano
770 2192 1061 2274 Episcopo
1099 2193 1430 2254 necessarios
1474 2193 1713 2272 judicat.
1759 2253 1765 2259 ,

143 2325 148 2327 ,
210 2271 504 2346 TERTIO,
551 2274 853 2358 *objiciunt
887 2275 1226 2355 exemplum
1274 2274 1548 2336 falsorum
1598 2275 1868 2354 Prophe-

127 2367 340 2425 tarum,
388 2355 813 2416 Pharisaeorum
833 2357 895 2416 δε
931 2357 1119 2435 Judae.
1203 2356 1316 2416 Sed
1339 2357 1651 2436 RespondeO,
1704 2356 1865 2435 quod

129 2433 338 2494 attinet
398 2436 472 2496 ad
522 2435 688 2497 falsos
745 2437 1088 2517 Propheta3‚
1134 2438 1275 2498 nihil
1326 2438 1570 2516 ineptius
1622 2437 1863 2516 allegari

131 2515 342 2593 potest,
386 2517 548 2596 quasi
581 2518 743 2590 vero,
803 2520 936 2603 quia
983 2519 1141 2580 fuere
1188 2518 1315 2579 falfi
1357 2519 1694 2598 Prophetae,
1739 2518 1864 2578 imo

131 2594 268 2654 vere
305 2596 428 2656 falfi
466 2615 630 2659 erant
671 2600 882 2680 absque
914 2600 1025 2661 Dei
1047 2600 1254 2680 gratia,
1300 2620 1443 2677 ergo
1473 2620 1589 2658 non
1613 2619 1757 2679 opus
1781 2601 1861 2659 est

133 2674 199 2732 ea
243 2675 300 2736 in
349 2677 662 2740 ministerio
716 2701 860 2742 vero
909 2681 1251 2740 Christiano,
1337 2680 1393 2740 Si
1441 2680 1583 2738 vero
1638 2681 1857 2759 proba-

134 2754 341 2827 verint,
386 2778 555 2819 veros
596 2761 918 2842 Prophetas
951 2761 1136 2840 gratia
1186 2759 1440 2831 caruisse,
1487 2760 1705 2840 aliquid
1732 2761 1860 2822 dix-

132 2835 301 2895 erint.
411 2839 524 2898 Sed
563 2840 700 2920 quid
742 2842 959 2902 habent
997 2840 1123 2899 falfi
1170 2841 1485 2920 Prophetae
1526 2861 1661 2901 cum
1709 2843 1859 2903 veris
1940 2866 1945 2871 ·

133 2916 402 2977 ministris
443 2922 796 2981 commune?
861 2921 962 2979 nifi
996 2921 1152 3000 quod
1200 2920 1340 2981 falso
1383 2921 1488 2982 fibi
1529 2923 1856 2994 vendicant,

131 2997 291 3077 quod
313 3019 428 3058 non
446 3000 677 3062 habent.
761 3001 844 3060 Et
890 3002 1023 3082 quia
1058 3001 1180 3061 falfi
1229 3003 1534 3082 prophetae
1582 3004 1715 3062 vera
1747 3004 1858 3063 Dei

131 3080 321 3158 gratia
370 3097 589 3155 carent,
631 3101 775 3142 nurn
804 3082 934 3143 inde
981 3083 1261 3163 sequetur,
1326 3104 1492 3143 veros
1538 3084 1857 3165 Prophetas

1737 3183 1855 3225 non

190 3341 225 3407 ξ
253 3339 327 3395 sic
358 3342 474 3406 Niae.
507 3340 678 3396 arnold
714 3341 832 3394 seb}-
868 3352 947 3405 32.
979 3343 1028 3396 in
1058 3340 1187 3404 thefin
1222 3354 1366 3412 quart.⁴
