2086 3640
288 86 406 167 ηε
564 68 1712 148 THESISSEPYIMA

276 194 522 258 luntates
538 187 602 249 ac
618 185 922 248 methodus
942 206 1148 247 eorum
1167 187 1394 249 vivendi
1414 207 1530 248 non
1551 185 1736 252 fuifl‘et
1753 200 1995 262 mutata.

276 275 400 335 Pro
430 270 552 329 mea
590 284 755 350 parte
791 287 900 329 nec
934 285 1189 348 unquam
1219 269 1356 349 legi,
1399 289 1504 328 nec
1524 270 1660 341 vidi,
1702 293 1881 354 neque
1908 277 1998 334 ula

259 354 331 418 la
370 350 603 412 rationis
641 347 826 432 specie
866 347 1082 427 aliquid
1118 350 1415 430 concipere
1456 351 1644 430 potui,
1702 373 1838 432 que,
1883 354 1998 415 hoc

273 436 430 503 Ιοςο,
466 430 936 512 justificationem
974 429 1313 512 imputative
1341 431 1482 491 sumi
1519 431 1676 514 posse
1701 433 1994 494 evincitur.

273 514 359 574 Et
393 513 467 574 ad
502 513 805 573 clariorem
850 508 1014 589 hujus
1051 512 1130 570 rei
1165 508 1599 591 intelligentiam
1640 513 1993 586 observetur,

274 595 389 654 hoc
421 595 668 654 verbum
694 592 989 674 justzficare
1024 591 1267 652 derivari
1307 592 1401 652 vel
1435 592 1464 649 a
1511 591 1865 657 substantivo
1897 598 1996 677 ju⁴

259 677 436 754 stitia,
480 675 571 734 vel
617 677 694 736 ab
734 672 1016 752 adjectivo
1042 675 1229 755 justus.
1315 674 1631 734 Ambobus
1660 691 1852 735 autem
1880 673 1996 736 istis

271 757 465 819 verbis
498 771 739 816 utuntur
777 754 851 814 ad
883 755 1018 814 vere
1062 755 1124 814 ὅτ
1172 754 1420 825 realiter,
1465 774 1582 813 non
1619 753 1992 837 suppofitive,

273 836 707 919 significandam
747 834 1022 895 virtutem
1059 836 1217 895 illam
1246 835 1474 905 animae,
1521 855 1652 914 quae
1687 835 1871 897 verbo
1897 840 1995 918 ju-

255 921 419 998 stitia
454 917 794 997 exprimitur
812 938 839 984 ‘;
881 915 1056 976 etiam
1104 915 1448 995 adjectivum
1480 917 1671 998 justus,
1715 933 1781 976 ut
1807 918 1994 998 appli-

272 1017 459 1071 catur,
508 998 793 1079 fignificat
833 997 1153 1068 hominem,
1214 996 1270 1056 in
1320 1017 1437 1076 quo
1487 997 1586 1056 illa
1638 998 1820 1057 virtus
1866 998 1993 1059 est:

271 1102 410 1142 nam
467 1100 585 1139 non
644 1079 837 1140 solum
899 1099 1110 1159 magna
1169 1079 1250 1138 est
1299 1077 1726 1158 improprietas,
1796 1077 1888 1137 sed
1928 1081 1996 1141 δε

272 1161 656 1231 mendacium,
722 1159 1015 1220 hominem
1063 1160 1280 1238 justum
1329 1159 1730 1239 pronunciare,
1779 1158 1994 1220 solum·

273 1244 455 1306 modo
503 1240 871 1322 suppofitive,
933 1241 1066 1300 licet
1117 1240 1349 1300 realiter
1396 1262 1514 1301 non
1555 1241 1635 1301 ita
1683 1241 1767 1300 fit.
1850 1241 1994 1302 Hoc

268 1341 466 1387 autem
500 1325 747 1383 verbum
773 1323 1034 1399 Justific0‚
1079 1322 1109 1379 ὲ
1153 1322 1371 1404 justitia
1397 1314 1735 1392 formatum,
1788 1323 1992 1400 procul

269 1405 432 1466 omni
464 1404 644 1464 dubio
668 1402 948 1482 fignificat
976 1420 1131 1473 eum,
1177 1403 1274 1480 qui
1304 1401 1483 1480 justus
1511 1403 1692 1462 factus
1722 1402 1822 1472 est,
1856 1406 1994 1464 cum

269 1486 412 1547 nihil
434 1485 523 1555 fit,
569 1482 672 1542 nifi
699 1482 1045 1562 compositio
1073 1482 1236 1542 verbi
1248 1485 1399 1563 facio
1425 1484 1484 1543 &
1513 1482 1775 1562 adjectivi
1794 1486 1990 1564 justus,

270 1566 432 1646 quod
495 1564 635 1624 nihil
684 1563 842 1622 aliud
877 1563 978 1633 est,
1044 1563 1220 1642 quam
1260 1565 1508 1645 justifico,
1557 1565 1613 1623 id
1640 1562 1743 1633 est,
1790 1566 1994 1644 justum

252 1651 450 1732 facim,
534 1646 598 1705 &
640 1645 977 1725 justificatus,
1041 1643 1098 1703 id
1144 1643 1247 1715 est,
1303 1646 1477 1724 justus
1508 1646 1710 1723 fufius.
1797 1645 1879 1704 Et
1918 1646 1997 1707 fic

269 1731 422 1790 fiunt
462 1726 572 1787 alia
612 1726 670 1787 id
706 1746 882 1805 genus
914 1727 1115 1795 verba,
1181 1740 1246 1783 ut
1279 1726 1570 1802 stanifico,
1614 1724 1643 1781 Ξι
1660 1725 1992 1802 ,[ἶαπῖἰὶίαῐω

267 1811 544 1885 honorifico
572 1810 645 1868 ab
667 1808 832 1866 honor
867 1807 927 1865 &
952 1805 1103 1885 facio
1135 1831 1152 1872 3
1183 1807 1423 1884 stzcrifico
1451 1806 1481 1864 2⁸1
1519 1809 1674 1885 sacer
1712 1806 1936 1886 &facio
1969 1833 1990 1874 ·,

267 1912 403 1972 quae
444 1893 639 1949 omnia
668 1889 889 1966 semper
933 1886 1331 1966 intelliguntur
1370 1886 1442 1946 de
1477 1886 1731 1965 subjec'to
1768 1888 1993 1948 realiter

265 1973 495 2032 imbuto
532 1970 595 2029 &
615 1967 944 2027 affecioista
975 1967 1209 2036 virtute,
1254 1967 1283 2024 a
1311 1966 1420 2047 qua
1443 1966 1805 2047 proveniunt.
1854 1967 1994 2030 Ideo

265 2072 442 2115 nemo
482 2050 693 2110 dicitur
732 2048 1134 2118 sanctificatuS,
1197 2047 1297 2126 qui
1347 2047 1524 2127 reipsa
1571 2047 1842 2128 profanus
1882 2051 1987 2119 est,

266 2135 379 2194 ὅτε.
466 2133 557 2192 Ita
597 2151 700 2190 nec
730 2129 917 2208 potest
945 2129 1070 2209 quis
1088 2128 1430 2206 justificatus
1460 2128 1592 2198 dici,
1635 2128 1736 2188 nifi
1766 2129 1992 2190 realiter

255 2204 442 2296 justus
464 2212 549 2272 fit.
632 2209 834 2270 Solum
864 2210 974 2268 hoc
999 2212 1244 2268 verbum
1261 2210 1486 2290 justifico
1509 2209 1814 2288 aliquando
1837 2212 1989 2290 figu-
2085 2206 2086 2232 ¹

263 2296 453 2357 rativo
491 2293 655 2354 sensui
686 2291 1012 2370 usurpatur,
1070 2289 1302 2361 scilicet,
1354 2287 1559 2350 forensi
1605 2291 1723 2360 usu,
1787 2307 1993 2372 utpote

265 2379 405 2437 cum
445 2374 648 2454 aliquis
676 2371 894 2452 peccati
941 2370 1169 2429 realiter
1197 2391 1322 2430 reus
1357 2371 1387 2429 Ξι
1430 2370 1603 2450 poena
1641 2371 1854 2431 delicto
1889 2374 1989 2433 de-

264 2458 384 2520 bita
427 2457 725 2524 liberatur,
770 2452 981 2512 dicitur
1008 2451 1333 2529 justificari,
1398 2451 1456 2511 id
1495 2453 1595 2523 est,
1641 2451 1774 2511 loco
1811 2453 1984 2525 illius,

262 2539 366 2620 qui
406 2537 590 2618 justus
629 2536 729 2607 est,
761 2533 918 2614 poni.
1004 2533 1164 2592 Nam
1207 2531 1297 2593 hic
1335 2534 1460 2593 usus
1507 2532 1669 2593 verbi
1716 2536 1988 2613 processlt

261 2641 335 2681 ex
379 2619 477 2678 ista
518 2615 919 2697 suppositione,
964 2613 1124 2694 quod
1151 2612 1295 2673 nulli
1321 2614 1568 2676 debeant
1597 2614 1850 2686 liberari,
1881 2616 1983 2675 nisi

263 2702 607 2762 innocentes,
692 2697 853 2757 Hinc
894 2694 1070 2755 etiam
1115 2693 1211 2754 ille
1240 2693 1513 2775 loquendi
1541 2695 1768 2766 moduS‚
1825 2696 1987 2758 talem

245 2782 563 2867 justificabO,
609 2780 702 2838 hoc
740 2778 834 2838 vel
869 2775 1005 2838 illud
1033 2776 1335 2854 justificabo.
1421 2776 1608 2915 Ἥοά
1645 2774 1718 2835 fit
1756 2777 1985 2858 exsup-

260 2863 563 2946 pofitione,
609 2859 765 2940 quod
804 2859 955 2930 talis,
999 2857 1060 2916 &
1102 2857 1213 2916 hoc
1240 2856 1336 2916 vel
1375 2855 1480 2916 illu
1564 2855 1789 2917 realiter
1816 2856 1984 2936 justi*-

262 2944 492 3006 ficabile
522 2942 606 3001 fit.
690 2941 772 3000 Et
809 2939 896 3000 uti
932 2957 1094 3000 error
1133 2938 1194 2997 &
1222 2937 1423 2999 abusus
1462 2938 1544 2997 est
1583 2937 1640 2997 in
1681 2957 1761 3008 re,
1803 2938 1882 2998 ita
1909 2938 1983 2998 fit

254 3027 433 3086 etiam
462 3025 518 3083 in
545 3024 914 3102 expressione.
998 3020 1142 3079 Hoc
1183 3018 1260 3078 ita
1291 3016 1647 3081 manifestum
1674 3018 1776 3089 est,
1822 3016 1980 3096 quod

258 3106 512 3175 ParaeuS‚
558 3125 630 3164 ex
673 3099 1125 3165 Protestantibus
1170 3100 1260 3159 vir
1287 3098 1536 3180 infigniS,
1581 3099 1700 3158 imo
1743 3097 1804 3155 ὅτ,
1843 3097 1982 3156 Cal·-

258 3185 460 3244 vinista
495 3185 670 3245 etiam
706 3182 899 3264 quoad
938 3181 1270 3263 opinionem
1308 3179 1466 3241 suam
1507 3178 1612 3239 hac
1639 3178 1697 3238 in
1733 3197 1817 3248 re,
1863 3177 1977 3238 hoc

260 3280 452 3333 tamen
491 3264 727 3338 fatetur,
777 3265 852 3327 de
899 3264 1046 3344 Just.
1075 3277 1277 3329 contra
1317 3261 1460 3327 Bell.
1504 3259 1606 3322 lib.
1649 3275 1703 3321 2.
1746 3277 1871 3339 cap.
1915 3275 1974 3336 7.

1830 3358 1971 3422 Pag-
