2086 3640
235 72 366 129 400
442 42 858 115 THESIS
897 50 1381 116 DECIMA
1414 53 1896 133 TERTIA,

227 164 364 225 tum
402 161 585 236 fuisse,
636 162 776 223 cum
818 156 995 221 fuerit
1033 156 1164 239 post
1191 158 1399 239 paseha
1429 157 1771 238 judaicum,
1816 163 1978 246 quod

225 244 458 328 vespere
485 244 566 307 ad
598 262 832 305 coenam
877 255 1021 302 eran·
1105 240 1422 320 Respondeo.
1507 243 1614 302 An
1650 261 1769 304 non
1798 249 1976 326 (prae-

224 341 495 407 terquam
523 324 683 404 quod
707 343 826 386 non
868 320 1060 384 minus
1085 319 1253 384 facile
1281 321 1521 403 probari
1563 324 1774 405 potest,
1811 339 1977 390 totum

209 407 376 490 ficiffe
416 404 760 479 accidentale,
823 405 962 465 cum
982 401 1159 464 fuerit
1196 402 1581 465 solummodo
1607 404 1869 485 Juda‘icae
1895 432 1976 470 ce-

221 491 471 550 remonioe
501 491 767 568 peractio,
798 501 866 547 ut
903 483 1178 547 haetenus
1218 486 1594 549 observatum
1622 486 1731 567 est)
1767 488 1976 550 eodem

224 571 416 632 modo
456 570 656 651 urgeri
702 567 914 652 potest,
955 564 1115 649 quod
1163 569 1286 628 vini
1306 580 1465 647 potus
1513 567 1856 630 accidentalis
1885 570 1977 631 fu-

218 651 357 723 erit,
404 651 543 713 cum
604 648 880 713 naturalis
928 646 1180 710 nationis
1218 649 1371 712 illius
1411 649 1730 732 produstus
1779 647 1976 724 fuerit,

220 731 470 815 ideoque
503 732 796 803 contendi,
858 730 1042 811 quod,
1094 729 1198 792 ubi
1253 751 1370 793 non
1422 730 1733 794 nascuntur
1765 731 1979 826 vinear<

221 810 368 875 ficut
415 815 472 875 in
527 813 720 875 nostra
756 815 945 876 Scotioe
989 810 1243 886 natione,
1288 814 1522 892 cervistd
1570 822 1632 879 ὅτ
1677 813 1838 897 zytho
1891 830 1977 875 uti

219 895 516 976 poliemus
556 896 613 956 in
656 894 823 974 hujus
879 892 1226 956 ceremoniae
1264 895 1389 967 usu,
1452 894 1548 957 vel
1588 911 1738 975 pane
1764 915 1831 956 ex
1866 895 1979 955 alio

213 990 392 1065 grano
418 980 582 1060 qudm
621 981 818 1049 tritico,
842 995 966 1058 quo
989 974 1119 1035 usus
1159 974 1241 1037 est
1269 975 1574 1038 Christus?
1625 977 1741 1038 Sed
1766 997 1840 1038 an
1859 996 1976 1038 non

209 1058 548 1137 judicarent
565 1060 681 1120 hoc
708 1056 1036 1128 adversarii,
1085 1057 1244 1139 quasi
1264 1058 1507 1120 abusum
1526 1058 1591 1118 δι’
1617 1078 1735 1118 non
1756 1055 1976 1140 justum

220 1138 389 1219 hujus
416 1142 752 1202 Sacramenti
792 1143 884 1217 (ut
917 1146 1157 1219 vocant)
1197 1139 1408 1201 usum?
1453 1139 1607 1213 Imo‚
1651 1159 1843 1201 nonne
1871 1138 1978 1199 hu·

208 1218 305 1298 jus
406 1222 588 1282 eneris
646 1221 1052 1302 scrupulositas
1107 1242 1340 1301 magnae
1400 1219 1783 1282 contentionis
1830 1220 1979 1280 inter

218 1302 343 1363 Pro
370 1303 577 1364 effores
600 1302 1041 1367 Christianitatis
1059 1302 1424 1364 occasionem
1441 1301 1737 1384 praebuit?
1769 1303 1978 1384 Qan-

219 1398 300 1442 tae
328 1383 724 1445 contentiones
760 1383 825 1443 δι
851 1383 1254 1445 altercationes
1274 1386 1418 1445 inter
1443 1384 1709 1462 ecclqsiam
1730 1386 1978 1445 Groecam

220 1463 292 1527 Εἴ
333 1466 600 1526 Latinam
627 1465 787 1526 fuere
825 1464 902 1524 de
938 1480 1107 1543 pane,
1158 1465 1302 1526 dum
1350 1465 1535 1525 altera
1575 1485 1823 1546 azymum
1849 1466 1980 1527 vult

222 1545 462 1618 habere,
499 1543 786 1624 judicans,
878 1544 971 1604 uia
1027 1544 1224 1623 Judaei
1260 1544 1503 1627 panibus
1524 1565 1596 1604 az
1642 1545 1752 1605 mis
1778 1545 1836 1606 in
1856 1547 1981 1627 pas-

217 1627 390 1688 chate
418 1629 759 1701 utebantur,
802 1642 859 1688 ta
885 1647 980 1686 ern
1011 1646 1223 1706 panem
1271 1624 1501 1707 fregisse
1543 1567 1839 1686 CKristum
1868 1627 1978 1687 dis·

217 1707 453 1788 cipuli3‚
491 1709 676 1772 altera
694 1708 842 1770 vero
874 1710 1204 1789 fermentato
1230 1706 1415 1767 utitur
1448 1731 1468 1774 3
1511 1706 1753 1788 ideoque
1774 1709 1980 1769 Luthe·

215 1794 347 1851 rani
374 1790 564 1851 adhuc
591 1811 814 1874 azymo
841 1805 1110 1862 utuntur,
1155 1788 1479 1868 Calvimstoe
1507 1803 1703 1850 autem
1733 1792 1977 1870 fermen-

213 1884 332 1932 tato
350 1893 370 1931 .·
406 1872 471 1932 &
492 1872 640 1933 adeo
660 1874 858 1954 aspera
878 1871 991 1932 fuit
1010 1870 1083 1932 de
1111 1871 1221 1932 hac
1250 1890 1311 1930 re
1340 1869 1669 1943 contentio,
1717 1872 1856 1933 curn
1892 1871 1978 1933 in-

215 1952 440 2033 ciperet
469 1952 814 2015 reformatio
858 1955 1111 2025 Genevae,
1168 1966 1238 2012 ut
1276 1951 1342 2013 ea
1370 1952 1444 2012 de
1483 1952 1647 2014 causs
1678 1969 1978 2034 oporteret

212 2032 512 2094 Calvinum
541 2035 605 2094 &c
642 2034 925 2097 Farellum
965 2031 1259 2114 aufugere.
1347 2035 1451 2095 An
1488 2053 1606 2097 non
1643 2034 1756 2095 hoc
1788 2035 1971 2094 modo

217 2114 614 2177 Protestantes
653 2115 977 2178 Pontificiis
1012 2129 1249 2195 portam
1298 2115 1586 2196 aperiunt,
1625 2114 1739 2196 qua
1782 2134 1972 2197 popu-

212 2195 308 2256 lus
337 2197 375 2257 a*
411 2196 579 2258 calice
617 2197 964 2258 excludatur
991 2195 1014 2256 ?
1070 2197 1171 2257 An
1198 2215 1317 2255 non
1354 2196 1479 2256 haec
1505 2196 1709 2267 verba,
1755 2197 1850 2256 hoc
1868 2200 1975 2277 fa-

211 2280 337 2348 cite,
383 2279 553 2358 aeque
582 2278 791 2340 diserte
820 2276 1094 2350 inferunt,
1154 2275 1318 2357 quod
1351 2276 1456 2337 ista
1487 2276 1639 2337 actio
1685 2276 1754 2341 Εἴ
1800 2280 1973 2340 eodem

215 2358 383 2430 moda,
428 2361 500 2424 δ’
539 2360 713 2420 eodem
750 2371 999 2452 tempqre,
1030 2377 1152 2440 quo
1181 2357 1279 2420 ille
1305 2377 1435 2419 eam
1456 2357 1600 2440 egit,
1644 2361 1973 2440 peragenda
2076 2437 2086 2454 Ἰ

214 2440 310 2512 fit,
382 2440 563 2521 quam
622 2440 783 2522 quod
829 2456 1007 2501 etiam
1044 2439 1230 2512 calice,
1279 2439 1343 2499 ὅτ
1397 2461 1501 2500 non
1533 2440 1649 2520 Jblo
1685 2457 1833 2520 pane
1883 2442 1970 2502 uti

212 2521 480 2582 debent?
551 2523 684 2583 Aut
722 2542 902 2604 quam
950 2522 1236 2582 rationem
1278 2521 1574 2583 adducunt
1619 2520 1970 2604 dispensandi
2071 2537 2076 2541 ’

216 2623 357 2662 curn
387 2603 500 2664 hoc
527 2604 732 2684 magiS‚
766 2603 947 2685 quam
985 2602 1282 2664 Pontificii
1311 2623 1443 2663 cum
1459 2601 1614 2663 illo?
1665 2603 1726 2662 Ο
1751 2620 1966 2684 quanta

212 2684 458 2745 absurda
499 2685 562 2745 &
592 2684 966 2746 incommoda
1012 2682 1120 2745 fibi
1155 2684 1672 2766 superinduxerunt
1693 2684 1967 2746 Christia-

195 2764 298 2837 ni,
342 2765 485 2826 dum
536 2766 915 2847 superstitiose
957 2764 1123 2846 hujus
1167 2765 1510 2826 ceremoniae
1548 2765 1672 2826 usui
1706 2765 1965 2827 adhaere-

211 2861 336 2918 ant,
368 2867 442 2906 ex
510 2847 679 2907 uibus
718 2847 1163 2908 difficultatibus
1206 2846 1558 2928 impoffibile
1584 2847 1665 2907 est
1692 2846 1747 2908 se
1785 2855 1960 2908 extri-

211 2941 364 2999 cent,
407 2926 466 2988 ni
491 2948 511 2987 1
532 2928 879 3009 deponendo
907 2949 1059 3000 eam,
1116 2928 1613 3010 quemadmodum
1649 2928 1789 2990 alias
1818 2926 1957 3007 ejus·

211 3006 347 3067 dem
391 3025 615 3071 naturae
657 3009 1094 3092 deposuerunt!
1165 3010 1392 3071 Praeter
1440 3009 1525 3082 id,
1594 3009 1753 3090 quod
1789 3007 1956 3086 supra

211 3086 436 3148 dictum
457 3090 558 3160 est,
587 3090 831 3152 libenter
851 3090 1032 3150 velim
1073 3092 1438 3171 cognoscere,
1474 3090 1773 3171 quomodo
1800 3085 1954 3166 certe:=

214 3167 575 3230 resolvantur
604 3171 729 3232 haec
749 3173 928 3232 verba
969 3173 1090 3253 [hoc
1114 3173 1317 3252 jacite]
1352 3172 1600 3252 intelligi
1639 3169 1845 3229 scilicet
1879 3165 1955 3226 ad

215 3247 424 3323 clerOS,
447 3255 684 3331 accipite,
727 3252 1027 3326 benedicite,
1057 3254 1307 3338 frangite
1328 3249 1816 3409 huucpanezzstfiffb
1830 3248 1959 3388 uitiis

1669 3351 1684 3388 z
1732 3350 1782 3390 rz
1818 3348 1873 3389 ut
1898 3349 1950 3404 e,
