2086 3640
214 79 335 140 250
522 65 1692 179 THESISBECIMx-PQ
1951 142 1954 145 ,

208 190 334 235 ram
373 174 755 254 uniufiujusque
791 175 1029 244 membri,
1075 190 1419 257 augmentum·
1436 183 1835 263 corpnsfflsacff
1863 187 1940 246 -in

209 256 603 329 aedfficationem
618 257 708 334 sui
749 259 804 316 in
847 258 1123 319 charitate.
1165 259 1593 341 Qodautejssfz
1637 263 1937 336 214.‚m0‚d0

205 335 693 408 communicatur,
739 338 801 396 δε
823 337 981 418 quod
1004 338 1128 399 hoc
1153 339 1332 400 modo
1375 334 1566 399 totum
1594 325 1934 415 {nimi-,nil

205 417 362 498 aliud
390 418 490 487 est,
535 417 638 477 nifi
679 418 866 499 gratia
909 418 1037 491 Dei,
1083 422 1326 501 ideoque
1355 422 1698 500 ApostoluS,
1728 425 1933 485 eodem

205 500 415 578 capite,
458 519 578 558 ver.
616 518 670 579 7.
702 501 975 581 affirmat,
1018 506 1297 583 unicuique
1339 515 1515 567 autem
1546 503 1780 579 nostrum
1808 504 1940 565 data

202 583 277 658 est
304 583 492 663 gratia
523 581 806 658 secundum
833 585 1124 662 mensuram
1154 586 1442 648 donationis
1470 584 1691 660 Christzg
1735 594 1794 650 ὃζ
1811 605 1937 644 ver.

211 684 307 722 11.
356 662 626 734 ostendit,
671 665 970 742 quomodo
1005 666 1114 726 hac
1155 665 1339 745 gratia
1386 665 1448 724 ὅτ
1495 667 1650 724 dono
1679 665 1751 727 &⁹
1790 665 1938 743 Apo·

187 741 323 820 stoli
349 744 418 805 Β
462 745 747 823 Propheta
783 746 854 807 &
884 747 1244 828 Evangelistoe
1274 746 1344 807 ἔθ’
1375 745 1623 823 Pastores
1649 747 1720 808 &
1739 747 1938 807 1)οὲῒο-

200 845 286 884 res
326 825 442 884 dati
473 826 699 903 suntin
738 843 865 905 opus
900 827 1175 906 ministerii
1215 829 1285 890 δᾶ
1324 831 1380 888 in
1410 827 1936 903 adificationem‘cor-

190 908 342 985 poris
387 907 602 983 Christi.
680 908 862 968 ‚Certe
901 909 1079 988 igitur
1119 931 1316 980 nemo,
1381 907 1547 986 hujus
1581 909 1791 988 gr-atiae
1833 927 1933 968 ex·-

200 1008 352 1067 per3‚
397 1005 562 1069 aptus
599 988 679 1047 est
717 989 794 1047 ad·
832 989 944 1049 hoc
970 1010 1008 1049 o
1053 1011 1138 1061 ηε,
1185 1010 1366 1069 quum
1391 1010 1613 1060 omnes,
1660 1008 1804 1068 quos
1830 988 1935 1048 dat

200 1069 484 1140 Christus,
528 1069 606 1132 ita
647 1069 961 1149 qualificati
1024 1087 1154 1138 mt3
1199 1073 1262 1130 δε
1309 1071 1407 1153 qui
1448 1092 1565 1131 non
1600 1069 1681 1130 ita
1721 1069 1936 1131 imbuti

199 1151 350 1222 sunt,
394 1151 424 1208 a
479 1151 710 1211 Christo
750 1172 854 1211 nec
896 1152 1199 1212 mittantur
1240 1174 1343 1212 nec
1384 1151 1610 1212 dentur.
1693 1148 1818 1233 Qi
1857 1150 1936 1225 ab

202 1232 312 1291 {110
339 1253 456 1291 non
491 1233 701 1292 dantur
729 1234 792 1291 δε
821 1233 1152 1305 mittuntur,
1195 1253 1300 1292 nec
1328 1233 1614 1303 audiendi,
1659 1251 1766 1301 nec
1787 1229 1937 1295 ,teci-

199 1313 414 1395 piendi,
457 1334 562 1373 nec
590 1314 929 1391 agnoscendi
964 1314 1090 1374 sunt
1131 1314 1290 1394 quasi
1320 1311 1628 1392 Evangelii
1667 1310 1931 1381 ministri,

200 1394 336 1474 quia
383 1415 520 1454 oves
548 1391 665 1472 ejus
698 1415 803 1452 nec
829 1393 1063 1465 debent,
1109 1394 1213 1454 nec
1254 1395 1468 1454 volunt
1495 1391 1788 1473 peregrini
1825 1411 1933 1450 vo-

198 1496 329 1534 cem
377 1475 592 1535 audire.
678 1475 821 1533 Hoc
875 1474 1051 1535 etiam
1100 1491 1264 1554 patet
1301 1495 1372 1533 ex
1429 1497 1454 1533 1
1504 1475 1641 1533 Cor.
1684 1473 1783 1532 xii.
1827 1491 1935 1552 per

200 1573 394 1615 totum
424 1572 618 1634 caput,
665 1575 782 1634 quo
818 1555 1141 1634 Apostolus
1178 1555 1249 1613 de
1285 1552 1707 1623 diversitatibus
1747 1552 1936 1613 dono-

200 1658 333 1697 rum
360 1636 422 1695 &
441 1637 718 1696 membris
756 1636 966 1695 Christi
995 1637 1225 1706 tractat,
1271 1634 1588 1705 ostenden-s,
1633 1634 1940 1713 quomodo

199 1739 307 1798 per
346 1718 746 1798 operationem
774 1715 1025 1796 ejusdem
1053 1716 1303 1796 Spiritus
1331 1716 1387 1774 in
1414 1714 1584 1775 variis
1612 1713 1937 1775 manifesta-

196 1799 449 1861 tionibus
484 1799 547 1857 &
583 1798 853 1859 mensuris
890 1799 1246 1858 diversorum
1286 1798 1696 1873 membrorum
1736 1810 1936 1856 totum

201 1900 411 1960 corpus
450 1880 792 1950 aedificetur,
858 1899 1114 1950 narranS,
1156 1899 1276 1938 ver.
1336 1899 1427 1956 13.
1473 1881 1530 1939 in
1576 1898 1680 1938 uno
1725 1878 1933 1955 Spiritu

198 1983 370 2023 omnes
408 1983 496 2022 uos
533 1964 588 2020 in
619 1982 780 2021 unum
806 1978 988 2039 corpus
1023 1963 1289 2039 baptizati
1320 1961 1520 2037 sumus.
1569 1959 1632 2018 δε
1670 1977 1791 2018 ver.
1832 1959 1934 2020 28.
1996 2004 2007 2014 .

198 2044 491 2124 percenset
529 2041 774 2101 diversas
821 2041 1273 2121 dispensatione5‚
1319 2061 1450 2118 quae
1491 2040 1526 2098 Ξι
1576 2039 1708 2100 Deo
1735 2038 1793 2097 in
1841 2058 1934 2097 ec-

202 2123 369 2184 clesra
417 2143 520 2203 per
572 2123 758 2182 varias
804 2123 1163 2202 operationes
1220 2118 1384 2197 hujus
1430 2119 1672 2199 Spiritus
1728 2116 1933 2198 pofitae

202 2205 331 2265 sunt
370 2205 443 2264 ad
471 2201 916 2264 aedificationem
938 2203 1132 2263 totius·
1212 2202 1271 2260 Si
1291 2200 1468 2280 igitur
1498 2200 1724 2259 nullum
1748 2198 1818 2258 fit
1836 2219 1937 2258 ve-

203 2306 336 2346 rum
375 2286 634 2365 corporis
671 2285 1023 2355 membrum,
1069 2282 1229 2366 quod
1249 2303 1386 2352 non,
1433 2282 1544 2342 hoc
1564 2280 1764 2351 modo,
1817 2280 1930 2341 hoc

203 2366 422 2447 Spiritu
463 2365 812 2446 baptizatur,
874 2386 1054 2447 neque
1090 2363 1297 2445 aliquis
1334 2379 1606 2443 operetur
1635 2361 1708 2422 ad
1749 2361 1932 2421 aedifi-

204 2448 492 2507 cationem
538 2446 675 2524 eim,
740 2445 844 2506 nisi
904 2446 1209 2506 secundum
1271 2444 1592 2504 mensuram
1641 2442 1846 2522 gratiae
1900 2440 1934 2499 ὲ

204 2528 424 2607 Spiritu
459 2545 780 2609 acceptam,
845 2527 998 2588 certe
1047 2544 1182 2587 tunc
1218 2526 1333 2586 fine
1379 2525 1565 2605 gratia
1614 2543 1786 2583 nemo
1833 2521 1936 2582 ad-

206 2610 363 2670 mitti
409 2609 581 2673 debet
601 2610 674 2669 ad
715 2609 1072 2690 operandum
1112 2609 1167 2668 in
1190 2627 1454 2687 corpore,
1500 2605 1633 2698 quia
1675 2605 1843 2665 labor
1869 2601 1934 2662 &

206 2712 354 2782 opus
393 2711 597 2750 eorum
631 2690 744 2750 fine
786 2691 892 2751 hac
932 2689 1118 2771 gratia
1159 2690 1221 2748 &
1259 2688 1472 2771 Spiritu
1515 2685 1828 2747 inefficacia
1869 2684 1932 2744 &
2030 2683 2065 2747 ζ’

206 2772 426 2832 inutilia
463 2772 655 2832 futura
693 2773 835 2832 sunt.

289 2854 458 2915 XVI.
503 2854 798 2925 TERTIO,
842 2852 1001 2934 quod
1041 2852 1167 2912 haec
1193 2851 1380 2931 gratia
1406 2847 1705 2910 neceffaria
1749 2843 1934 2926 quali-
2031 2902 2040 2914 ,

197 2933 405 2995 ficatio
454 2934 524 2994 fit
564 2934 844 3007 ministm,
911 2948 1073 3015 patet
1131 2954 1202 2992 ex
1258 2931 1363 2990 illo
1418 2926 1696 3010 Apostoli
1747 2925 1928 2997 Petri,

221 3037 249 3074 1
283 3018 407 3076 Pet.
446 3017 522 3075 iv.
578 3037 669 3086 10,
725 3038 746 3075 1
767 3039 815 3075 1.
859 3011 1209 3095 unusquisque,
1259 3015 1396 3090 ficut
1439 3015 1631 3090 accepit
1669 3009 1926 3090 gratiam,

211 3098 267 3153 in
309 3098 624 3157 alterutrum
673 3097 827 3157 illam
863 3098 1303 3172 administrantes,
1331 3095 1475 3172 ficut
1521 3094 1639 3151 boni
1678 3089 1930 3166 dispensa-

212 3189 348 3235 tores
403 3179 736 3256 multzformis
775 3182 969 3258 gratia·
1021 3179 1151 3246 Dei,
1207 3178 1263 3254 st
1311 3178 1425 3254 quis
1465 3173 1713 3252 loquitur,
1783 3169 1931 3247 quasi

209 3255 416 3337 eloquia
462 3259 590 3329 Dei,
639 3261 696 3335 st
762 3263 875 3339 quis
916 3256 1202 3337 ministrat,
1271 3269 1524 3336 tanquam
1582 3273 1646 3314 cx
1699 3252 1924 3317 virtute,

1775 3349 1935 3410 quam
