<?xml version="1.0" encoding="UTF-8"?>
<!DOCTYPE html PUBLIC "-//W3C//DTD XHTML 1.0 Transitional//EN"
    "http://www.w3.org/TR/xhtml1/DTD/xhtml1-transitional.dtd">
<html xmlns="http://www.w3.org/1999/xhtml" xml:lang="en" lang="en">
 <head>
  <title>
</title>
<meta http-equiv="Content-Type" content="text/html;charset=utf-8" />
  <meta name='ocr-system' content='tesseract 3.04.00' />
  <meta name='ocr-capabilities' content='ocr_page ocr_carea ocr_par ocr_line ocrx_word'/>
</head>
<body>
  <div class='ocr_page' id='page_1' title='image "./theologiaeverech00barcuoft_0462.png"; bbox 0 0 2086 3640; ppageno 0'>
   <div class='ocr_carea' id='block_1_1' title="bbox 237 50 1857 136">
    <p class='ocr_par' dir='ltr' id='par_1_1' title="bbox 237 50 1857 136">
     <span class='ocr_line' id='line_1_1' title="bbox 237 50 1857 136; baseline -0.002 -18"><span class='ocrx_word' id='word_1_1' title='bbox 237 76 361 136; x_wconf 80' lang='lat'>434</span> <span class='ocrx_word' id='word_1_2' title='bbox 440 55 723 118; x_wconf 67' lang='lat' dir='ltr'><em>THES</em></span> <span class='ocrx_word' id='word_1_3' title='bbox 752 57 851 118; x_wconf 72' lang='lat' dir='ltr'>Is</span> <span class='ocrx_word' id='word_1_4' title='bbox 889 56 952 118; x_wconf 86' lang='lat' dir='ltr'><em>D</em></span> <span class='ocrx_word' id='word_1_5' title='bbox 983 52 1371 116; x_wconf 77' lang='lat' dir='ltr'><em>ECJMA</em></span> <span class='ocrx_word' id='word_1_6' title='bbox 1404 50 1857 135; x_wconf 64' lang='lat' dir='ltr'><em>QUARTA.</em></span> 
     </span>
    </p>
   </div>
   <div class='ocr_carea' id='block_1_2' title="bbox 157 162 1994 733">
    <p class='ocr_par' dir='ltr' id='par_1_2' title="bbox 157 162 1994 733">
     <span class='ocr_line' id='line_1_2' title="bbox 234 162 1963 247; baseline -0.002 -20"><span class='ocrx_word' id='word_1_7' title='bbox 234 188 349 245; x_wconf 90' lang='lat' dir='ltr'>que</span> <span class='ocrx_word' id='word_1_8' title='bbox 390 167 812 247; x_wconf 90' lang='lat' dir='ltr'>opponentium</span> <span class='ocrx_word' id='word_1_9' title='bbox 856 162 1075 226; x_wconf 78' lang='lat' dir='ltr'>malitia</span> <span class='ocrx_word' id='word_1_10' title='bbox 1117 163 1369 235; x_wconf 86' lang='lat' dir='ltr'>furebat,</span> <span class='ocrx_word' id='word_1_11' title='bbox 1416 178 1485 222; x_wconf 88' lang='lat' dir='ltr'>ut</span> <span class='ocrx_word' id='word_1_12' title='bbox 1531 163 1822 243; x_wconf 83' lang='lat' dir='ltr'>ligonibus</span> <span class='ocrx_word' id='word_1_13' title='bbox 1871 184 1963 223; x_wconf 89' lang='lat' dir='ltr'>ru-</span> 
     </span>
     <span class='ocr_line' id='line_1_3' title="bbox 234 244 1967 317; baseline -0.001 -12"><span class='ocrx_word' id='word_1_14' title='bbox 234 247 376 309; x_wconf 84' lang='lat' dir='ltr'>dera</span> <span class='ocrx_word' id='word_1_15' title='bbox 422 248 479 307; x_wconf 92' lang='lat' dir='ltr'>in</span> <span class='ocrx_word' id='word_1_16' title='bbox 523 269 618 307; x_wconf 89' lang='lat' dir='ltr'>eos</span> <span class='ocrx_word' id='word_1_17' title='bbox 660 247 1055 317; x_wconf 81' lang='lat' dir='ltr'>immitterent,</span> <span class='ocrx_word' id='word_1_18' title='bbox 1101 244 1179 307; x_wconf 89' lang='lat' dir='ltr'>ibi</span> <span class='ocrx_word' id='word_1_19' title='bbox 1229 248 1453 306; x_wconf 83' lang='lat' dir='ltr'>stabant</span> <span class='ocrx_word' id='word_1_20' title='bbox 1491 244 1803 304; x_wconf 84' lang='lat' dir='ltr'>immoti&amp;</span> <span class='ocrx_word' id='word_1_21' title='bbox 1829 265 1967 303; x_wconf 91' lang='lat' dir='ltr'>con-</span> 
     </span>
     <span class='ocr_line' id='line_1_4' title="bbox 237 324 1970 407; baseline -0.001 -20"><span class='ocrx_word' id='word_1_22' title='bbox 237 328 403 399; x_wconf 84' lang='lat' dir='ltr'>tenti,</span> <span class='ocrx_word' id='word_1_23' title='bbox 466 327 508 386; x_wconf 82' lang='lat' dir='ltr'>si</span> <span class='ocrx_word' id='word_1_24' title='bbox 547 328 626 387; x_wconf 88' lang='lat' dir='ltr'>ita</span> <span class='ocrx_word' id='word_1_25' title='bbox 652 326 1009 407; x_wconf 72' lang='lat' dir='ltr'>&#39;permisisset</span> <span class='ocrx_word' id='word_1_26' title='bbox 1049 327 1228 398; x_wconf 81' lang='lat' dir='ltr'>DeuS,</span> <span class='ocrx_word' id='word_1_27' title='bbox 1292 324 1410 385; x_wconf 87' lang='lat' dir='ltr'>vivi</span> <span class='ocrx_word' id='word_1_28' title='bbox 1460 325 1678 405; x_wconf 88' lang='lat' dir='ltr'>sepeliri</span> <span class='ocrx_word' id='word_1_29' title='bbox 1708 327 1820 406; x_wconf 76' lang='lat' dir='ltr'>pto</span> <span class='ocrx_word' id='word_1_30' title='bbox 1862 325 1970 385; x_wconf 86' lang='lat' dir='ltr'>illo</span> 
     </span>
     <span class='ocr_line' id='line_1_5' title="bbox 239 406 1973 489; baseline -0.003 -18"><span class='ocrx_word' id='word_1_31' title='bbox 239 410 618 471; x_wconf 83' lang='lat' dir='ltr'>testificantes.</span> <span class='ocrx_word' id='word_1_32' title='bbox 701 409 859 467; x_wconf 88' lang='lat' dir='ltr'>Sicut</span> <span class='ocrx_word' id='word_1_33' title='bbox 884 408 1024 488; x_wconf 77' lang='lat' dir='ltr'>vero</span> <span class='ocrx_word' id='word_1_34' title='bbox 1064 425 1266 489; x_wconf 90' lang='lat' dir='ltr'>potens</span> <span class='ocrx_word' id='word_1_35' title='bbox 1288 407 1398 478; x_wconf 92' lang='lat' dir='ltr'>hic,</span> <span class='ocrx_word' id='word_1_36' title='bbox 1445 406 1866 486; x_wconf 81' lang='lat' dir='ltr'>magnanimuS,</span> <span class='ocrx_word' id='word_1_37' title='bbox 1910 406 1973 466; x_wconf 76' lang='grc' dir='ltr'>δε</span> 
     </span>
     <span class='ocr_line' id='line_1_6' title="bbox 242 486 1994 567; baseline -0.003 -17"><span class='ocrx_word' id='word_1_38' title='bbox 242 490 378 550; x_wconf 71' lang='lat' dir='ltr'>vere</span> <span class='ocrx_word' id='word_1_39' title='bbox 423 489 776 551; x_wconf 84' lang='lat' dir='ltr'>Christianus</span> <span class='ocrx_word' id='word_1_40' title='bbox 810 488 1062 567; x_wconf 87' lang='lat' dir='ltr'>patiendi</span> <span class='ocrx_word' id='word_1_41' title='bbox 1111 488 1316 561; x_wconf 85' lang='lat' dir='ltr'>modus</span> <span class='ocrx_word' id='word_1_42' title='bbox 1347 486 1807 567; x_wconf 88' lang='lat' dir='ltr'>persequentium</span> <span class='ocrx_word' id='word_1_43' title='bbox 1829 505 1994 566; x_wconf 64' lang='lat' dir='ltr'>opusv</span> 
     </span>
     <span class='ocr_line' id='line_1_7' title="bbox 157 565 1978 649; baseline -0.003 -19"><span class='ocrx_word' id='word_1_44' title='bbox 157 633 159 636; x_wconf 78' lang='lat'><em>.</em></span> <span class='ocrx_word' id='word_1_45' title='bbox 242 591 425 649; x_wconf 81' lang='lat' dir='ltr'>grave</span> <span class='ocrx_word' id='word_1_46' title='bbox 461 569 522 627; x_wconf 89' lang='lat'>&amp;</span> <span class='ocrx_word' id='word_1_47' title='bbox 562 570 773 629; x_wconf 89' lang='lat' dir='ltr'>durum</span> <span class='ocrx_word' id='word_1_48' title='bbox 801 570 956 644; x_wconf 83' lang='lat' dir='ltr'>fecit,</span> <span class='ocrx_word' id='word_1_49' title='bbox 1015 571 1096 631; x_wconf 86' lang='lat' dir='ltr'>ita</span> <span class='ocrx_word' id='word_1_50' title='bbox 1147 565 1272 631; x_wconf 61' lang='lat' dir='ltr'>lsaec</span> <span class='ocrx_word' id='word_1_51' title='bbox 1309 568 1650 648; x_wconf 87' lang='lat' dir='ltr'>patientium</span> <span class='ocrx_word' id='word_1_52' title='bbox 1677 566 1978 648; x_wconf 87' lang='lat' dir='ltr'>magnani-</span> 
     </span>
     <span class='ocr_line' id='line_1_8' title="bbox 243 646 1978 733; baseline -0.003 -21"><span class='ocrx_word' id='word_1_53' title='bbox 243 649 417 712; x_wconf 83' lang='lat' dir='ltr'>mitas</span> <span class='ocrx_word' id='word_1_54' title='bbox 455 649 515 709; x_wconf 67' lang='grc' dir='ltr'>δι’,</span> <span class='ocrx_word' id='word_1_55' title='bbox 570 649 863 733; x_wconf 88' lang='lat' dir='ltr'>patientia,</span> <span class='ocrx_word' id='word_1_56' title='bbox 928 651 1088 733; x_wconf 72' lang='lat' dir='ltr'>quod</span> <span class='ocrx_word' id='word_1_57' title='bbox 1129 671 1245 711; x_wconf 89' lang='lat' dir='ltr'>non</span> <span class='ocrx_word' id='word_1_58' title='bbox 1283 649 1636 723; x_wconf 72' lang='lat' dir='ltr'>resistebant,</span> <span class='ocrx_word' id='word_1_59' title='bbox 1698 669 1804 710; x_wconf 89' lang='lat' dir='ltr'>nec</span> <span class='ocrx_word' id='word_1_60' title='bbox 1843 646 1978 709; x_wconf 88' lang='lat' dir='ltr'>ullis</span> 
     </span>
    </p>
   </div>
   <div class='ocr_carea' id='block_1_3' title="bbox 99 729 1980 823">
    <p class='ocr_par' dir='ltr' id='par_1_3' title="bbox 99 729 1980 823">
     <span class='ocr_line' id='line_1_9' title="bbox 99 729 1980 823; baseline -0.001 -32"><span class='ocrx_word' id='word_1_61' title='bbox 99 816 102 823; x_wconf 25' lang='grc' dir='ltr'><strong><em>Ι</em></strong></span> <span class='ocrx_word' id='word_1_62' title='bbox 183 738 186 743; x_wconf 83' lang='grc'><strong>’</strong></span> <span class='ocrx_word' id='word_1_63' title='bbox 244 731 426 791; x_wconf 86' lang='lat' dir='ltr'>armis.</span> <span class='ocrx_word' id='word_1_64' title='bbox 449 733 758 794; x_wconf 81' lang='lat' dir='ltr'>utebantur</span> <span class='ocrx_word' id='word_1_65' title='bbox 788 733 862 793; x_wconf 90' lang='lat' dir='ltr'>ad</span> <span class='ocrx_word' id='word_1_66' title='bbox 888 732 1063 793; x_wconf 86' lang='lat' dir='ltr'>semet</span> <span class='ocrx_word' id='word_1_67' title='bbox 1087 730 1488 802; x_wconf 84' lang='lat' dir='ltr'>defendendos,</span> <span class='ocrx_word' id='word_1_68' title='bbox 1532 749 1638 790; x_wconf 87' lang='lat' dir='ltr'>nec</span> <span class='ocrx_word' id='word_1_69' title='bbox 1663 729 1980 792; x_wconf 68' lang='lat' dir='ltr'>vindictam</span> 
     </span>
    </p>
   </div>
   <div class='ocr_carea' id='block_1_4' title="bbox 167 811 2014 3386">
    <p class='ocr_par' dir='ltr' id='par_1_4' title="bbox 167 811 2014 3383">
     <span class='ocr_line' id='line_1_10' title="bbox 246 811 1983 894; baseline -0.001 -23"><span class='ocrx_word' id='word_1_70' title='bbox 246 828 590 893; x_wconf 87' lang='lat' dir='ltr'>quaerentes,</span> <span class='ocrx_word' id='word_1_71' title='bbox 652 813 860 874; x_wconf 69' lang='lat' dir='ltr'>secrete</span> <span class='ocrx_word' id='word_1_72' title='bbox 908 815 1363 894; x_wconf 82' lang='lat' dir='ltr'>persequentium</span> <span class='ocrx_word' id='word_1_73' title='bbox 1402 811 1765 872; x_wconf 82' lang='lat' dir='ltr'>conscientias</span> <span class='ocrx_word' id='word_1_74' title='bbox 1812 831 1983 894; x_wconf 86' lang='lat' dir='ltr'>pene-</span> 
     </span>
     <span class='ocr_line' id='line_1_11' title="bbox 251 892 1984 975; baseline -0.001 -24"><span class='ocrx_word' id='word_1_75' title='bbox 251 895 470 964; x_wconf 81' lang='lat' dir='ltr'>trabat,</span> <span class='ocrx_word' id='word_1_76' title='bbox 515 893 762 975; x_wconf 87' lang='lat' dir='ltr'><strong>fecitque</strong></span> <span class='ocrx_word' id='word_1_77' title='bbox 800 915 1071 967; x_wconf 89' lang='lat' dir='ltr'>curruum</span> <span class='ocrx_word' id='word_1_78' title='bbox 1109 914 1312 955; x_wconf 90' lang='lat' dir='ltr'>eorum</span> <span class='ocrx_word' id='word_1_79' title='bbox 1343 910 1500 953; x_wconf 89' lang='lat' dir='ltr'>rotas</span> <span class='ocrx_word' id='word_1_80' title='bbox 1521 892 1684 952; x_wconf 70' lang='lat' dir='ltr'>tarde</span> <span class='ocrx_word' id='word_1_81' title='bbox 1705 892 1984 962; x_wconf 87' lang='lat' dir='ltr'>incedere,</span> 
     </span>
     <span class='ocr_line' id='line_1_12' title="bbox 250 972 1984 1056; baseline 0.001 -23"><span class='ocrx_word' id='word_1_82' title='bbox 250 974 313 1032; x_wconf 85' lang='lat'>&amp;</span> <span class='ocrx_word' id='word_1_83' title='bbox 351 976 462 1034; x_wconf 91' lang='lat' dir='ltr'>hoc</span> <span class='ocrx_word' id='word_1_84' title='bbox 501 975 681 1055; x_wconf 78' lang='lat' dir='ltr'>modo</span> <span class='ocrx_word' id='word_1_85' title='bbox 727 976 855 1056; x_wconf 90' lang='lat' dir='ltr'>post</span> <span class='ocrx_word' id='word_1_86' title='bbox 893 977 1079 1036; x_wconf 86' lang='lat' dir='ltr'>multa</span> <span class='ocrx_word' id='word_1_87' title='bbox 1106 975 1362 1036; x_wconf 58' lang='lat' dir='ltr'>&amp;zvaria</span> <span class='ocrx_word' id='word_1_88' title='bbox 1396 972 1854 1054; x_wconf 83' lang='lat' dir='ltr'>persecutionum</span> <span class='ocrx_word' id='word_1_89' title='bbox 1881 994 1984 1055; x_wconf 89' lang='lat' dir='ltr'>ge·</span> 
     </span>
     <span class='ocr_line' id='line_1_13' title="bbox 253 1053 1983 1135; baseline 0.001 -21"><span class='ocrx_word' id='word_1_90' title='bbox 253 1076 411 1126; x_wconf 86' lang='lat' dir='ltr'>nera,</span> <span class='ocrx_word' id='word_1_91' title='bbox 474 1076 604 1135; x_wconf 81' lang='lat' dir='ltr'>quae</span> <span class='ocrx_word' id='word_1_92' title='bbox 655 1056 764 1117; x_wconf 87' lang='lat' dir='ltr'>hoc</span> <span class='ocrx_word' id='word_1_93' title='bbox 814 1057 947 1117; x_wconf 89' lang='lat' dir='ltr'>loco</span> <span class='ocrx_word' id='word_1_94' title='bbox 985 1055 1194 1117; x_wconf 86' lang='lat' dir='ltr'>referre</span> <span class='ocrx_word' id='word_1_95' title='bbox 1241 1056 1408 1117; x_wconf 89' lang='lat' dir='ltr'>nimis</span> <span class='ocrx_word' id='word_1_96' title='bbox 1468 1053 1764 1134; x_wconf 87' lang='lat' dir='ltr'>prolixum</span> <span class='ocrx_word' id='word_1_97' title='bbox 1807 1056 1983 1126; x_wconf 82' lang='lat' dir='ltr'>foret,</span> 
     </span>
     <span class='ocr_line' id='line_1_14' title="bbox 253 1136 1992 1218; baseline 0.001 -24"><span class='ocrx_word' id='word_1_98' title='bbox 253 1137 316 1194; x_wconf 86' lang='lat'>&amp;</span> <span class='ocrx_word' id='word_1_99' title='bbox 356 1136 629 1196; x_wconf 87' lang='lat' dir='ltr'>volumen</span> <span class='ocrx_word' id='word_1_100' title='bbox 667 1156 946 1218; x_wconf 85' lang='lat' dir='ltr'>magnum</span> <span class='ocrx_word' id='word_1_101' title='bbox 988 1139 1299 1208; x_wconf 87' lang='lat' dir='ltr'>efficerent,</span> <span class='ocrx_word' id='word_1_102' title='bbox 1344 1137 1405 1196; x_wconf 75' lang='grc' dir='ltr'>δε</span> <span class='ocrx_word' id='word_1_103' title='bbox 1439 1137 1539 1194; x_wconf 93' lang='lat' dir='ltr'>suo</span> <span class='ocrx_word' id='word_1_104' title='bbox 1566 1151 1830 1215; x_wconf 88' lang='lat' dir='ltr'>tempore</span> <span class='ocrx_word' id='word_1_105' title='bbox 1857 1137 1992 1198; x_wconf 82' lang='lat' dir='ltr'>orbi</span> 
     </span>
     <span class='ocr_line' id='line_1_15' title="bbox 254 1216 1991 1297; baseline 0.002 -22"><span class='ocrx_word' id='word_1_106' title='bbox 254 1234 616 1296; x_wconf 82' lang='lat' dir='ltr'>exponentur</span> <span class='ocrx_word' id='word_1_107' title='bbox 658 1221 885 1293; x_wconf 88' lang='lat' dir='ltr'>(eorum</span> <span class='ocrx_word' id='word_1_108' title='bbox 920 1219 1074 1279; x_wconf 88' lang='lat' dir='ltr'>enim</span> <span class='ocrx_word' id='word_1_109' title='bbox 1119 1219 1513 1279; x_wconf 83' lang='lat' dir='ltr'>narrationem</span> <span class='ocrx_word' id='word_1_110' title='bbox 1541 1217 1598 1275; x_wconf 90' lang='lat' dir='ltr'>in</span> <span class='ocrx_word' id='word_1_111' title='bbox 1627 1216 1846 1297; x_wconf 90' lang='lat' dir='ltr'>scriptis</span> <span class='ocrx_word' id='word_1_112' title='bbox 1887 1218 1991 1278; x_wconf 87' lang='lat' dir='ltr'>ha-</span> 
     </span>
     <span class='ocr_line' id='line_1_16' title="bbox 259 1298 1986 1378; baseline 0 -21"><span class='ocrx_word' id='word_1_113' title='bbox 259 1299 486 1376; x_wconf 88' lang='lat' dir='ltr'>bemus)</span> <span class='ocrx_word' id='word_1_114' title='bbox 532 1298 863 1376; x_wconf 84' lang='lat' dir='ltr'>negativam</span> <span class='ocrx_word' id='word_1_115' title='bbox 899 1298 1189 1378; x_wconf 86' lang='lat' dir='ltr'>quandam</span> <span class='ocrx_word' id='word_1_116' title='bbox 1233 1299 1560 1360; x_wconf 84' lang='lat' dir='ltr'>libertatem</span> <span class='ocrx_word' id='word_1_117' title='bbox 1607 1298 1986 1370; x_wconf 70' lang='lat' dir='ltr'>obtintlimu3‚</span> 
     </span>
     <span class='ocr_line' id='line_1_17' title="bbox 258 1378 1994 1458; baseline 0.002 -22"><span class='ocrx_word' id='word_1_118' title='bbox 258 1379 340 1436; x_wconf 88' lang='lat' dir='ltr'>ita</span> <span class='ocrx_word' id='word_1_119' title='bbox 395 1394 462 1437; x_wconf 88' lang='lat' dir='ltr'>ut</span> <span class='ocrx_word' id='word_1_120' title='bbox 507 1398 655 1436; x_wconf 90' lang='lat' dir='ltr'>nunc</span> <span class='ocrx_word' id='word_1_121' title='bbox 696 1394 761 1438; x_wconf 91' lang='lat' dir='ltr'>ut</span> <span class='ocrx_word' id='word_1_122' title='bbox 800 1379 1117 1458; x_wconf 89' lang='lat' dir='ltr'>plurimum</span> <span class='ocrx_word' id='word_1_123' title='bbox 1164 1378 1277 1439; x_wconf 86' lang='lat' dir='ltr'>fine</span> <span class='ocrx_word' id='word_1_124' title='bbox 1319 1379 1733 1441; x_wconf 87' lang='lat' dir='ltr'>disturbatione</span> <span class='ocrx_word' id='word_1_125' title='bbox 1782 1378 1813 1436; x_wconf 77' lang='grc' dir='ltr'>Ξι</span> <span class='ocrx_word' id='word_1_126' title='bbox 1865 1400 1994 1439; x_wconf 89' lang='lat' dir='ltr'>ma-</span> 
     </span>
     <span class='ocr_line' id='line_1_18' title="bbox 258 1458 1992 1540; baseline 0.001 -21"><span class='ocrx_word' id='word_1_127' title='bbox 258 1460 504 1539; x_wconf 87' lang='lat' dir='ltr'>gistratu</span> <span class='ocrx_word' id='word_1_128' title='bbox 540 1468 962 1518; x_wconf 49' lang='lat' dir='ltr'>conveniamus</span> <span class='ocrx_word' id='word_1_129' title='bbox 1046 1460 1161 1518; x_wconf 86' lang='lat' dir='ltr'>Sed</span> <span class='ocrx_word' id='word_1_130' title='bbox 1198 1459 1228 1518; x_wconf 74' lang='grc' dir='ltr'>ἐ</span> <span class='ocrx_word' id='word_1_131' title='bbox 1278 1459 1501 1529; x_wconf 67' lang='lat' dir='ltr'>contra,</span> <span class='ocrx_word' id='word_1_132' title='bbox 1545 1460 1807 1540; x_wconf 86' lang='lat' dir='ltr'>plerique</span> <span class='ocrx_word' id='word_1_133' title='bbox 1845 1458 1992 1521; x_wconf 85' lang='lat' dir='ltr'>Pro-</span> 
     </span>
     <span class='ocr_line' id='line_1_19' title="bbox 261 1538 1995 1619; baseline 0 -19"><span class='ocrx_word' id='word_1_134' title='bbox 261 1539 613 1610; x_wconf 86' lang='lat' dir='ltr'>testantium‚</span> <span class='ocrx_word' id='word_1_135' title='bbox 658 1538 889 1617; x_wconf 87' lang='lat' dir='ltr'>quando</span> <span class='ocrx_word' id='word_1_136' title='bbox 931 1539 1302 1619; x_wconf 70' lang='lat' dir='ltr'>magistratus</span> <span class='ocrx_word' id='word_1_137' title='bbox 1339 1539 1671 1600; x_wconf 89' lang='lat' dir='ltr'>libertatern</span> <span class='ocrx_word' id='word_1_138' title='bbox 1717 1541 1813 1600; x_wconf 91' lang='lat' dir='ltr'>vel</span> <span class='ocrx_word' id='word_1_139' title='bbox 1855 1560 1995 1600; x_wconf 87' lang='lat' dir='ltr'>con-</span> 
     </span>
     <span class='ocr_line' id='line_1_20' title="bbox 260 1619 1996 1694; baseline 0 -13"><span class='ocrx_word' id='word_1_140' title='bbox 260 1620 479 1681; x_wconf 82' lang='lat' dir='ltr'>sensum</span> <span class='ocrx_word' id='word_1_141' title='bbox 517 1640 635 1680; x_wconf 91' lang='lat' dir='ltr'>non</span> <span class='ocrx_word' id='word_1_142' title='bbox 684 1621 919 1692; x_wconf 87' lang='lat' dir='ltr'>habent,</span> <span class='ocrx_word' id='word_1_143' title='bbox 967 1619 1197 1680; x_wconf 68' lang='lat' dir='ltr'>occulte</span> <span class='ocrx_word' id='word_1_144' title='bbox 1231 1621 1463 1681; x_wconf 77' lang='lat' dir='ltr'>tantum</span> <span class='ocrx_word' id='word_1_145' title='bbox 1512 1621 1884 1694; x_wconf 88' lang='lat' dir='ltr'>conveniunt,</span> <span class='ocrx_word' id='word_1_146' title='bbox 1930 1621 1996 1681; x_wconf 85' lang='lat'>&amp;</span> 
     </span>
     <span class='ocr_line' id='line_1_21' title="bbox 265 1699 1995 1782; baseline 0 -20"><span class='ocrx_word' id='word_1_147' title='bbox 265 1700 659 1762; x_wconf 88' lang='lat' dir='ltr'>testimonium</span> <span class='ocrx_word' id='word_1_148' title='bbox 686 1701 851 1760; x_wconf 89' lang='lat' dir='ltr'>suum</span> <span class='ocrx_word' id='word_1_149' title='bbox 900 1702 1292 1768; x_wconf 85' lang='lat' dir='ltr'>abscondunt:</span> <span class='ocrx_word' id='word_1_150' title='bbox 1332 1701 1395 1759; x_wconf 86' lang='lat'>&amp;</span> <span class='ocrx_word' id='word_1_151' title='bbox 1434 1699 1668 1782; x_wconf 89' lang='lat' dir='ltr'>quando</span> <span class='ocrx_word' id='word_1_152' title='bbox 1704 1699 1856 1762; x_wconf 69' lang='lat' dir='ltr'>forte</span> <span class='ocrx_word' id='word_1_153' title='bbox 1895 1702 1995 1762; x_wconf 85' lang='lat' dir='ltr'>de-</span> 
     </span>
     <span class='ocr_line' id='line_1_22' title="bbox 264 1780 1998 1863; baseline 0.003 -23"><span class='ocrx_word' id='word_1_154' title='bbox 264 1782 720 1863; x_wconf 87' lang='lat' dir='ltr'>prehenduntur,</span> <span class='ocrx_word' id='word_1_155' title='bbox 767 1780 810 1838; x_wconf 86' lang='lat' dir='ltr'>s1</span> <span class='ocrx_word' id='word_1_156' title='bbox 854 1781 998 1841; x_wconf 86' lang='lat' dir='ltr'>adsit</span> <span class='ocrx_word' id='word_1_157' title='bbox 1025 1781 1301 1842; x_wconf 81' lang='lat' dir='ltr'>evadendi</span> <span class='ocrx_word' id='word_1_158' title='bbox 1347 1782 1592 1853; x_wconf 85' lang='lat' dir='ltr'>occafio,</span> <span class='ocrx_word' id='word_1_159' title='bbox 1635 1781 1698 1842; x_wconf 87' lang='lat' dir='ltr'>vi</span> <span class='ocrx_word' id='word_1_160' title='bbox 1737 1781 1882 1845; x_wconf 86' lang='lat' dir='ltr'>illud</span> <span class='ocrx_word' id='word_1_161' title='bbox 1909 1801 1998 1845; x_wconf 85' lang='lat' dir='ltr'>at-</span> 
     </span>
     <span class='ocr_line' id='line_1_23' title="bbox 267 1860 1999 1947; baseline 0.003 -25"><span class='ocrx_word' id='word_1_162' title='bbox 267 1864 589 1933; x_wconf 88' lang='lat' dir='ltr'>tentabunt,</span> <span class='ocrx_word' id='word_1_163' title='bbox 654 1862 775 1923; x_wconf 64' lang='lat' dir='ltr'>ime&gt;</span> <span class='ocrx_word' id='word_1_164' title='bbox 831 1861 967 1923; x_wconf 89' lang='lat' dir='ltr'>licet</span> <span class='ocrx_word' id='word_1_165' title='bbox 1002 1863 1353 1923; x_wconf 86' lang='lat' dir='ltr'>adversarios</span> <span class='ocrx_word' id='word_1_166' title='bbox 1386 1860 1806 1937; x_wconf 81' lang='lat' dir='ltr'>interficiendO,</span> <span class='ocrx_word' id='word_1_167' title='bbox 1876 1885 1999 1947; x_wconf 90' lang='lat' dir='ltr'>quo</span> 
     </span>
     <span class='ocr_line' id='line_1_24' title="bbox 167 1942 2000 2027; baseline 0.004 -25"><span class='ocrx_word' id='word_1_168' title='bbox 167 1953 173 1962; x_wconf 74' lang='lat'>&#39;</span> <span class='ocrx_word' id='word_1_169' title='bbox 261 1946 692 2027; x_wconf 86' lang='lat' dir='ltr'>perpeffionum</span> <span class='ocrx_word' id='word_1_170' title='bbox 737 1942 968 2003; x_wconf 90' lang='lat' dir='ltr'>suarum</span> <span class='ocrx_word' id='word_1_171' title='bbox 1015 1945 1271 2023; x_wconf 84' lang='lat' dir='ltr'>gloriam</span> <span class='ocrx_word' id='word_1_172' title='bbox 1307 1944 1602 2016; x_wconf 88' lang='lat' dir='ltr'>amittunt,</span> <span class='ocrx_word' id='word_1_173' title='bbox 1646 1964 1834 2027; x_wconf 89' lang='lat' dir='ltr'>neque</span> <span class='ocrx_word' id='word_1_174' title='bbox 1873 1962 2000 2010; x_wconf 91' lang='lat' dir='ltr'>tan-</span> 
     </span>
     <span class='ocr_line' id='line_1_25' title="bbox 266 2023 2000 2109; baseline 0.005 -26"><span class='ocrx_word' id='word_1_175' title='bbox 266 2045 445 2104; x_wconf 82' lang='lat' dir='ltr'>quam</span> <span class='ocrx_word' id='word_1_176' title='bbox 485 2024 813 2083; x_wconf 85' lang='lat' dir='ltr'>innocentes</span> <span class='ocrx_word' id='word_1_177' title='bbox 855 2023 1063 2083; x_wconf 89' lang='lat' dir='ltr'>Christi</span> <span class='ocrx_word' id='word_1_178' title='bbox 1103 2025 1432 2106; x_wconf 89' lang='lat' dir='ltr'>sequutores</span> <span class='ocrx_word' id='word_1_179' title='bbox 1468 2041 1771 2106; x_wconf 86' lang='lat' dir='ltr'>apparent,</span> <span class='ocrx_word' id='word_1_180' title='bbox 1814 2047 2000 2109; x_wconf 81' lang='lat' dir='ltr'>neque</span> 
     </span>
     <span class='ocr_line' id='line_1_26' title="bbox 265 2103 2003 2188; baseline 0.003 -24"><span class='ocrx_word' id='word_1_181' title='bbox 265 2105 542 2165; x_wconf 78' lang='lat' dir='ltr'>habentes</span> <span class='ocrx_word' id='word_1_182' title='bbox 579 2104 914 2163; x_wconf 71' lang='lat' dir='ltr'>innocentia-e</span> <span class='ocrx_word' id='word_1_183' title='bbox 958 2104 1073 2164; x_wconf 85' lang='lat' dir='ltr'>suae</span> <span class='ocrx_word' id='word_1_184' title='bbox 1129 2103 1186 2164; x_wconf 91' lang='lat' dir='ltr'>in</span> <span class='ocrx_word' id='word_1_185' title='bbox 1227 2106 1506 2166; x_wconf 86' lang='lat' dir='ltr'>cordibus</span> <span class='ocrx_word' id='word_1_186' title='bbox 1545 2107 2003 2188; x_wconf 87' lang='lat' dir='ltr'>persequentium</span> 
     </span>
     <span class='ocr_line' id='line_1_27' title="bbox 270 2183 2000 2257; baseline 0.005 -12"><span class='ocrx_word' id='word_1_187' title='bbox 270 2185 659 2245; x_wconf 87' lang='lat' dir='ltr'>testimonium</span> <span class='ocrx_word' id='word_1_188' title='bbox 691 2206 705 2242; x_wconf 91' lang='lat'><strong>:</strong></span> <span class='ocrx_word' id='word_1_189' title='bbox 751 2185 854 2244; x_wconf 88' lang='lat' dir='ltr'>tali</span> <span class='ocrx_word' id='word_1_190' title='bbox 888 2184 1041 2245; x_wconf 87' lang='lat' dir='ltr'>enim</span> <span class='ocrx_word' id='word_1_191' title='bbox 1075 2185 1380 2257; x_wconf 64' lang='lat' dir='ltr'>resistentia</span> <span class='ocrx_word' id='word_1_192' title='bbox 1419 2183 1588 2246; x_wconf 90' lang='lat' dir='ltr'>furor</span> <span class='ocrx_word' id='word_1_193' title='bbox 1625 2206 1831 2249; x_wconf 89' lang='lat' dir='ltr'>eorum</span> <span class='ocrx_word' id='word_1_194' title='bbox 1876 2211 2000 2252; x_wconf 85' lang='lat' dir='ltr'>ma-</span> 
     </span>
     <span class='ocr_line' id='line_1_28' title="bbox 270 2265 1998 2348; baseline 0.005 -25"><span class='ocrx_word' id='word_1_195' title='bbox 270 2265 359 2345; x_wconf 88' lang='lat' dir='ltr'>gis</span> <span class='ocrx_word' id='word_1_196' title='bbox 381 2265 724 2325; x_wconf 87' lang='lat' dir='ltr'>accenditur.</span> <span class='ocrx_word' id='word_1_197' title='bbox 809 2266 992 2347; x_wconf 82' lang='lat' dir='ltr'>Qod</span> <span class='ocrx_word' id='word_1_198' title='bbox 1029 2266 1100 2326; x_wconf 85' lang='lat' dir='ltr'>ad</span> <span class='ocrx_word' id='word_1_199' title='bbox 1124 2266 1482 2346; x_wconf 82' lang='lat' dir='ltr'>postremam</span> <span class='ocrx_word' id='word_1_200' title='bbox 1515 2284 1742 2348; x_wconf 88' lang='lat' dir='ltr'>partem</span> <span class='ocrx_word' id='word_1_201' title='bbox 1771 2269 1998 2345; x_wconf 89' lang='lat' dir='ltr'>attinet,</span> 
     </span>
     <span class='ocr_line' id='line_1_29' title="bbox 270 2344 2005 2429; baseline 0.004 -23"><span class='ocrx_word' id='word_1_202' title='bbox 270 2346 482 2406; x_wconf 83' lang='lat' dir='ltr'>scilicet</span> <span class='ocrx_word' id='word_1_203' title='bbox 510 2345 566 2406; x_wconf 90' lang='lat' dir='ltr'>in</span> <span class='ocrx_word' id='word_1_204' title='bbox 589 2344 894 2411; x_wconf 79' lang='lat' dir='ltr'>resistendo</span> <span class='ocrx_word' id='word_1_205' title='bbox 929 2347 1412 2429; x_wconf 77' lang='lat' dir='ltr'>persequentibuS‚</span> <span class='ocrx_word' id='word_1_206' title='bbox 1470 2367 1655 2429; x_wconf 87' lang='lat' dir='ltr'>neque</span> <span class='ocrx_word' id='word_1_207' title='bbox 1707 2349 1740 2408; x_wconf 72' lang='grc' dir='ltr'>ἒι</span> <span class='ocrx_word' id='word_1_208' title='bbox 1773 2350 2005 2414; x_wconf 88' lang='lat' dir='ltr'>Christo</span> 
     </span>
     <span class='ocr_line' id='line_1_30' title="bbox 271 2426 2002 2508; baseline 0.005 -22"><span class='ocrx_word' id='word_1_209' title='bbox 271 2445 380 2487; x_wconf 88' lang='lat' dir='ltr'>nec</span> <span class='ocrx_word' id='word_1_210' title='bbox 427 2426 730 2507; x_wconf 89' lang='lat' dir='ltr'>Apostolis</span> <span class='ocrx_word' id='word_1_211' title='bbox 749 2427 1082 2508; x_wconf 86' lang='lat' dir='ltr'>exemplum</span> <span class='ocrx_word' id='word_1_212' title='bbox 1116 2427 1306 2488; x_wconf 90' lang='lat' dir='ltr'>ullum</span> <span class='ocrx_word' id='word_1_213' title='bbox 1348 2431 1742 2508; x_wconf 89' lang='lat' dir='ltr'>approbatum</span> <span class='ocrx_word' id='word_1_214' title='bbox 1772 2431 2002 2496; x_wconf 87' lang='lat' dir='ltr'>habent.</span> 
     </span>
     <span class='ocr_line' id='line_1_31' title="bbox 178 2507 2004 2594; baseline 0.007 -30"><span class='ocrx_word' id='word_1_215' title='bbox 178 2568 180 2571; x_wconf 63' lang='grc'>,</span> <span class='ocrx_word' id='word_1_216' title='bbox 274 2508 460 2588; x_wconf 79' lang='lat' dir='ltr'>Qod</span> <span class='ocrx_word' id='word_1_217' title='bbox 500 2509 573 2566; x_wconf 83' lang='lat' dir='ltr'>ad</span> <span class='ocrx_word' id='word_1_218' title='bbox 627 2508 906 2586; x_wconf 87' lang='lat' dir='ltr'>priorem,</span> <span class='ocrx_word' id='word_1_219' title='bbox 950 2507 1230 2590; x_wconf 81' lang='lat' dir='ltr'>(fugiendi</span> <span class='ocrx_word' id='word_1_220' title='bbox 1277 2508 1507 2581; x_wconf 87' lang='lat' dir='ltr'>scilicet,</span> <span class='ocrx_word' id='word_1_221' title='bbox 1553 2509 1617 2570; x_wconf 79' lang='grc' dir='ltr'>δι’</span> <span class='ocrx_word' id='word_1_222' title='bbox 1654 2530 1771 2572; x_wconf 90' lang='lat' dir='ltr'>non</span> <span class='ocrx_word' id='word_1_223' title='bbox 1803 2517 2004 2594; x_wconf 69' lang='lat' dir='ltr'>apert&amp;</span> 
     </span>
     <span class='ocr_line' id='line_1_32' title="bbox 274 2588 2003 2672; baseline 0.008 -27"><span class='ocrx_word' id='word_1_224' title='bbox 274 2588 589 2668; x_wconf 87' lang='lat' dir='ltr'>profitendi</span> <span class='ocrx_word' id='word_1_225' title='bbox 618 2588 946 2669; x_wconf 79' lang='lat' dir='ltr'>veritatem)</span> <span class='ocrx_word' id='word_1_226' title='bbox 963 2589 1346 2651; x_wconf 89' lang='lat' dir='ltr'>communiter</span> <span class='ocrx_word' id='word_1_227' title='bbox 1364 2591 1612 2672; x_wconf 85' lang='lat' dir='ltr'>objiciunt</span> <span class='ocrx_word' id='word_1_228' title='bbox 1625 2592 1770 2653; x_wconf 86' lang='lat' dir='ltr'>illud</span> <span class='ocrx_word' id='word_1_229' title='bbox 1791 2595 2003 2658; x_wconf 64' lang='lat' dir='ltr'>Christi</span> 
     </span>
     <span class='ocr_line' id='line_1_33' title="bbox 273 2668 2005 2755; baseline 0.008 -28"><span class='ocrx_word' id='word_1_230' title='bbox 273 2669 352 2751; x_wconf 78' lang='lat' dir='ltr'>ad</span> <span class='ocrx_word' id='word_1_231' title='bbox 399 2668 743 2748; x_wconf 88' lang='lat' dir='ltr'>Apostolos,</span> <span class='ocrx_word' id='word_1_232' title='bbox 808 2671 1030 2731; x_wconf 85' lang='lat' dir='ltr'>Mattb.</span> <span class='ocrx_word' id='word_1_233' title='bbox 1067 2691 1124 2732; x_wconf 82' lang='lat' dir='ltr'>x.</span> <span class='ocrx_word' id='word_1_234' title='bbox 1187 2690 1216 2731; x_wconf 88' lang='lat'>2</span> <span class='ocrx_word' id='word_1_235' title='bbox 1226 2691 1281 2749; x_wconf 83' lang='lat'>3.</span> <span class='ocrx_word' id='word_1_236' title='bbox 1343 2672 1463 2733; x_wconf 68' lang='lat' dir='ltr'>cicm</span> <span class='ocrx_word' id='word_1_237' title='bbox 1494 2675 1872 2755; x_wconf 67' lang='lat' dir='ltr'>persequentur</span> <span class='ocrx_word' id='word_1_238' title='bbox 1907 2697 2005 2740; x_wconf 87' lang='lat' dir='ltr'>vos</span> 
     </span>
     <span class='ocr_line' id='line_1_34' title="bbox 275 2752 1994 2838; baseline 0.005 -26"><span class='ocrx_word' id='word_1_239' title='bbox 275 2752 335 2812; x_wconf 77' lang='lat' dir='ltr'>in</span> <span class='ocrx_word' id='word_1_240' title='bbox 362 2752 580 2810; x_wconf 82' lang='lat' dir='ltr'>civitate</span> <span class='ocrx_word' id='word_1_241' title='bbox 607 2753 732 2828; x_wconf 71' lang='lat' dir='ltr'>istd,</span> <span class='ocrx_word' id='word_1_242' title='bbox 759 2754 939 2832; x_wconf 84' lang='lat' dir='ltr'>fugite</span> <span class='ocrx_word' id='word_1_243' title='bbox 964 2755 1019 2813; x_wconf 87' lang='lat' dir='ltr'>in</span> <span class='ocrx_word' id='word_1_244' title='bbox 1055 2753 1242 2814; x_wconf 85' lang='lat' dir='ltr'>aliam.</span> <span class='ocrx_word' id='word_1_245' title='bbox 1324 2753 1407 2814; x_wconf 88' lang='lat' dir='ltr'>Et</span> <span class='ocrx_word' id='word_1_246' title='bbox 1446 2754 1584 2832; x_wconf 89' lang='lat' dir='ltr'>Joh.</span> <span class='ocrx_word' id='word_1_247' title='bbox 1616 2775 1712 2816; x_wconf 83' lang='lat' dir='ltr'>xx.</span> <span class='ocrx_word' id='word_1_248' title='bbox 1742 2775 1862 2816; x_wconf 87' lang='lat' dir='ltr'>ver.</span> <span class='ocrx_word' id='word_1_249' title='bbox 1902 2780 1994 2838; x_wconf 86' lang='lat'>19.</span> 
     </span>
     <span class='ocr_line' id='line_1_35' title="bbox 267 2831 2014 2918; baseline 0.007 -30"><span class='ocrx_word' id='word_1_250' title='bbox 267 2831 446 2910; x_wconf 56' lang='lat' dir='ltr'>„de</span> <span class='ocrx_word' id='word_1_251' title='bbox 466 2833 667 2909; x_wconf 69' lang='lat' dir='ltr'>st’cretb</span> <span class='ocrx_word' id='word_1_252' title='bbox 707 2835 1081 2896; x_wconf 81' lang='lat' dir='ltr'>conveniebant</span> <span class='ocrx_word' id='word_1_253' title='bbox 1113 2833 1349 2914; x_wconf 85' lang='lat' dir='ltr'>discipuli</span> <span class='ocrx_word' id='word_1_254' title='bbox 1364 2847 1588 2914; x_wconf 84' lang='lat' dir='ltr'>propter</span> <span class='ocrx_word' id='word_1_255' title='bbox 1627 2839 1863 2899; x_wconf 84' lang='lat' dir='ltr'>timorem</span> <span class='ocrx_word' id='word_1_256' title='bbox 1887 2842 2014 2918; x_wconf 66' lang='lat' dir='ltr'>Ju·&#39;</span> 
     </span>
     <span class='ocr_line' id='line_1_36' title="bbox 276 2913 1996 2997; baseline 0.006 -26"><span class='ocrx_word' id='word_1_257' title='bbox 276 2913 532 2971; x_wconf 76' lang='lat' dir='ltr'>daeorum.</span> <span class='ocrx_word' id='word_1_258' title='bbox 617 2913 699 2972; x_wconf 91' lang='lat' dir='ltr'>Et</span> <span class='ocrx_word' id='word_1_259' title='bbox 735 2915 947 2974; x_wconf 70' lang='lat' dir='ltr'>Actor.</span> <span class='ocrx_word' id='word_1_260' title='bbox 987 2915 1063 2976; x_wconf 86' lang='lat' dir='ltr'>ix.</span> <span class='ocrx_word' id='word_1_261' title='bbox 1101 2936 1219 2976; x_wconf 88' lang='lat' dir='ltr'>ver.</span> <span class='ocrx_word' id='word_1_262' title='bbox 1263 2933 1359 2992; x_wconf 83' lang='lat'>25.</span> <span class='ocrx_word' id='word_1_263' title='bbox 1429 2915 1594 2996; x_wconf 77' lang='lat' dir='ltr'>Qod</span> <span class='ocrx_word' id='word_1_264' title='bbox 1623 2933 1731 2997; x_wconf 85' lang='lat' dir='ltr'>per</span> <span class='ocrx_word' id='word_1_265' title='bbox 1787 2940 1996 2980; x_wconf 83' lang='lat' dir='ltr'>murum</span> 
     </span>
     <span class='ocr_line' id='line_1_37' title="bbox 277 2991 2000 3081; baseline 0.004 -30"><span class='ocrx_word' id='word_1_266' title='bbox 277 2991 516 3070; x_wconf 75' lang='lat' dir='ltr'>dist-ipuli</span> <span class='ocrx_word' id='word_1_267' title='bbox 556 2993 794 3054; x_wconf 84' lang='lat' dir='ltr'>Paulum</span> <span class='ocrx_word' id='word_1_268' title='bbox 829 2998 886 3055; x_wconf 86' lang='lat' dir='ltr'>in</span> <span class='ocrx_word' id='word_1_269' title='bbox 915 2996 1109 3074; x_wconf 64' lang='lat' dir='ltr'>sporta*</span> <span class='ocrx_word' id='word_1_270' title='bbox 1129 2998 1158 3058; x_wconf 75' lang='grc' dir='ltr'><em>ἒ</em></span> <span class='ocrx_word' id='word_1_271' title='bbox 1182 2997 1443 3076; x_wconf 82' lang='lat' dir='ltr'>Damasto</span> <span class='ocrx_word' id='word_1_272' title='bbox 1478 2997 1797 3077; x_wconf 63' lang='lat' dir='ltr'>dimiserunt.</span> <span class='ocrx_word' id='word_1_273' title='bbox 1851 2999 2000 3081; x_wconf 85' lang='lat' dir='ltr'>Qi-</span> 
     </span>
     <span class='ocr_line' id='line_1_38' title="bbox 280 3075 1994 3162; baseline 0.002 -28"><span class='ocrx_word' id='word_1_274' title='bbox 280 3075 385 3134; x_wconf 86' lang='lat' dir='ltr'>bus</span> <span class='ocrx_word' id='word_1_275' title='bbox 406 3075 671 3135; x_wconf 89' lang='lat' dir='ltr'>omnibus</span> <span class='ocrx_word' id='word_1_276' title='bbox 699 3077 1008 3154; x_wconf 49' lang='lat' dir='ltr'>Responde&amp;</span> <span class='ocrx_word' id='word_1_277' title='bbox 1055 3078 1237 3162; x_wconf 82' lang='lat' dir='ltr'>Qod</span> <span class='ocrx_word' id='word_1_278' title='bbox 1265 3078 1346 3138; x_wconf 90' lang='lat' dir='ltr'>ad·</span> <span class='ocrx_word' id='word_1_279' title='bbox 1365 3078 1514 3139; x_wconf 91' lang='lat' dir='ltr'>illud</span> <span class='ocrx_word' id='word_1_280' title='bbox 1533 3079 1744 3140; x_wconf 85' lang='lat' dir='ltr'>Christi</span> <span class='ocrx_word' id='word_1_281' title='bbox 1769 3079 1994 3151; x_wconf 76' lang='lat' dir='ltr'>attinet,</span> 
     </span>
     <span class='ocr_line' id='line_1_39' title="bbox 276 3153 1996 3243; baseline 0.005 -33"><span class='ocrx_word' id='word_1_282' title='bbox 276 3153 522 3243; x_wconf 75' lang='lat' dir='ltr'>quaestio</span> <span class='ocrx_word' id='word_1_283' title='bbox 559 3154 663 3226; x_wconf 87' lang='lat' dir='ltr'>est,</span> <span class='ocrx_word' id='word_1_284' title='bbox 707 3176 846 3215; x_wconf 89' lang='lat' dir='ltr'>num</span> <span class='ocrx_word' id='word_1_285' title='bbox 879 3157 1030 3218; x_wconf 70' lang='lat' dir='ltr'>ultra</span> <span class='ocrx_word' id='word_1_286' title='bbox 1080 3158 1356 3219; x_wconf 86' lang='lat' dir='ltr'>referatur</span> <span class='ocrx_word' id='word_1_287' title='bbox 1395 3158 1572 3240; x_wconf 77' lang='lat' dir='ltr'>qu&#39;arn</span> <span class='ocrx_word' id='word_1_288' title='bbox 1622 3161 1698 3220; x_wconf 88' lang='lat' dir='ltr'>ad</span> <span class='ocrx_word' id='word_1_289' title='bbox 1741 3158 1996 3240; x_wconf 82' lang='lat' dir='ltr'>particu-</span> 
     </span>
     <span class='ocr_line' id='line_1_40' title="bbox 276 3231 1996 3383; baseline 0.003 -89"><span class='ocrx_word' id='word_1_290' title='bbox 276 3231 466 3317; x_wconf 15' lang='lat' dir='ltr'>&#39;larem</span> <span class='ocrx_word' id='word_1_291' title='bbox 485 3233 645 3305; x_wconf 75' lang='lat' dir='ltr'>issam</span> <span class='ocrx_word' id='word_1_292' title='bbox 670 3237 1014 3315; x_wconf 74' lang='lat' dir='ltr'>mistionem,</span> <span class='ocrx_word' id='word_1_293' title='bbox 1057 3259 1237 3327; x_wconf 78' lang='lat' dir='ltr'>quam</span> <span class='ocrx_word' id='word_1_294' title='bbox 1272 3239 1431 3311; x_wconf 75' lang='lat' dir='ltr'>dedit</span> <span class='ocrx_word' id='word_1_295' title='bbox 1453 3241 1530 3306; x_wconf 66' lang='lat' dir='ltr'>sd</span> <span class='ocrx_word' id='word_1_296' title='bbox 1557 3241 1860 3383; x_wconf 56' lang='lat' dir='ltr'>&#39;Indaeossti&#39;</span> <span class='ocrx_word' id='word_1_297' title='bbox 1886 3258 1996 3318; x_wconf 87' lang='lat' dir='ltr'>po-</span> 
     </span>
    </p>

    <p class='ocr_par' dir='ltr' id='par_1_5' title="bbox 1859 3335 1990 3386">
     <span class='ocr_line' id='line_1_41' title="bbox 1859 3335 1990 3386; baseline 0.015 -2"><span class='ocrx_word' id='word_1_298' title='bbox 1859 3335 1990 3386; x_wconf 63' lang='lat' dir='ltr'>ema}</span> 
     </span>
    </p>
   </div>
  </div>
 </body>
</html>
