2086 3640
347 100 438 160 De
479 97 754 174 Adimstris
794 93 864 157 &
909 93 1217 171 Pastoribus
1259 92 1519 174 Ecclefiae.
1699 100 1811 160 281

89 207 222 268 tile
243 206 523 265 volumen
583 203 871 282 integrum
908 199 1137 270 faceret,
1228 215 1321 260 tot
1373 200 1434 260 δε
1490 201 1633 260 tanti
1673 203 1817 267 sunt.

109 288 233 351 Hic
279 286 451 356 enim,
540 282 681 343 ficut
719 283 775 341 in
812 279 953 351 aliis,
1018 282 1218 341 abusus
1255 302 1390 349 cum
1431 282 1639 362 magna
1677 303 1822 363 apo-

110 369 269 429 stasia
310 365 554 448 irrepfit,
600 366 734 424 cum
782 361 922 420 nihil
958 362 1071 420 tale
1115 362 1286 423 fuerit
1331 362 1636 441 primitivis
1674 380 1821 425 tem-

109 450 348 528 poribus
380 472 399 517 ;
470 463 608 507 tunc
647 442 750 504 fibi
789 463 905 501 non
945 443 1214 514 decimas,
1277 463 1460 522 neque
1507 443 1823 507 limitatum

106 531 170 590 &
211 546 432 590 certum
484 522 821 607 stipendium
855 522 1221 583 vindicabant
1265 524 1528 596 ministri,
1592 526 1686 584 sed
1723 548 1824 588 eo-
1885 588 1888 589 ⁷

111 631 264 682 rum,
330 610 535 688 quibus
579 625 720 686 opus
755 618 901 674 erat,
974 604 1388 664 neceffitatibus
1426 605 1826 686 suppeditabat

106 691 360 759 ecclelia,
425 689 520 748 alii
580 686 841 747 manibus
909 685 1274 744 laborabant.
1358 686 1469 745 Sed
1532 687 1826 750 transastis

105 771 614 851 persecutionibuS,
658 770 792 828 cnm
812 765 1193 846 Imperatores
1232 765 1295 824 &
1339 766 1632 847 Principes
1654 770 1826 830 Chri-

105 851 400 911 stianitatis
421 846 902 930 professionem&
929 866 1141 928 nomen
1171 847 1607 926 assumpserunt,
1651 870 1821 931 mag·

105 949 308 992 natum
346 933 584 992 illorum
629 929 758 989 zelo
802 925 1047 1007 jamjam
1103 928 1305 988 abusus
1352 929 1432 986 est
1469 930 1652 988 clerus
1688 953 1825 992 ava·

107 1013 233 1072 ritia
277 1014 390 1085 sua,
452 1013 552 1092 qui
591 1010 838 1070 discebat
882 1008 995 1068 cito
1023 1007 1400 1068 domunculas
1439 1010 1501 1068 ὅτ
1538 1011 1824 1072 manfiun-

103 1094 258 1154 culas
300 1095 419 1155 suas
468 1113 600 1152 cum
649 1090 976 1173 principum
1045 1089 1270 1169 palatiis
1325 1105 1567 1159 mutare,
1641 1112 1826 1172 neque

103 1175 402 1245 ceffzirunt,
465 1174 646 1233 donec
682 1171 974 1251 gradatim
1013 1190 1216 1230 eorum
1257 1169 1493 1250 quidam
1528 1171 1633 1252 ipfi
1657 1173 1826 1234 Prin-

101 1256 255 1335 cipes
310 1256 446 1315 faffl
482 1256 626 1324 sunt,
693 1255 748 1313 in
791 1252 1112 1333 splendore,
1180 1250 1404 1324 luxuria
1449 1252 1511 1311 δε
1552 1255 1824 1333 magnifi-

101 1337 281 1396 centia
328 1335 556 1396 vivendi
604 1335 716 1395 illis
760 1335 923 1409 nullo
950 1332 1129 1394 modo
1157 1331 1452 1392 cedentes:
1517 1335 1824 1395 methodus

98 1418 361 1500 equidem
423 1418 674 1494 vivendi,
741 1437 919 1496 quam
958 1435 1063 1474 nec
1105 1414 1318 1475 Paulus
1358 1414 1821 1489 scenofaftoriuS,

98 1519 201 1558 nec
259 1500 463 1560 Petrus
509 1498 571 1557 &
615 1498 904 1577 Johannes
948 1497 1248 1576 piscatores
1313 1515 1572 1575 unquam
1605 1517 1822 1557 concu-

98 1581 378 1660 piverant.
463 1581 671 1658 Neque
709 1578 860 1639 forte
887 1579 1191 1658 putabant,
1243 1577 1403 1657 quod
1438 1577 1564 1647 ulli,
1611 1598 1816 1639 eorum

94 1662 495 1720 succeffionem
532 1659 969 1739 praetendenteS,
1031 1657 1103 1717 ad
1139 1657 1274 1718 talia
1322 1658 1819 1736 proveherentur3

98 1742 163 1800 &
203 1762 378 1821 quam
421 1740 680 1821 primum
717 1739 965 1821 episcopi
999 1738 1089 1796 isti
1129 1738 1233 1797 illo
1291 1739 1468 1799 modo
1502 1739 1822 1800 stabiliti&

97 1822 388 1882 constituti
437 1821 683 1891 fuerunt,
730 1838 888 1892 tune,
953 1819 1137 1879 vitam
1162 1820 1541 1880 Christianam
1584 1821 1817 1881 oblivis-

98 1921 307 1973 centeS,
371 1904 696 1982 frequenter
729 1903 875 1961 inter
915 1902 968 1960 se
1010 1901 1349 1974 contendere
1405 1919 1699 1980 caeperunt
1745 1904 1820 1962 de

97 1983 475 2065 praecedentia
515 1984 577 2040 &
617 1983 913 2052 reditibus,
976 1981 1347 2061 unusquisque
1388 1983 1703 2062 principale
1757 1987 1822 2045 δε

0 2119 1 2141 ᾗ
96 2065 362 2144 pinguius
401 2063 741 2125 beneficium
786 2063 1085 2128 ambiens·,
1152 2062 1214 2121 δε
1261 2063 1691 2142 ΡεῑΙυέὶιιοΓυΠι
1738 2066 1821 2124 est

95 2144 473 2216 confideratu,
555 2145 733 2224 quam
791 2143 909 2203 cito
955 2142 1217 2223 impietas
1259 2146 1383 2204 haec
1424 2144 1571 2205 inter
1598 2147 1820 2207 'Prote-

95 2227 299 2286 stantes
346 2225 590 2306 irrepsit,
655 2246 723 2284 ac
755 2226 932 2306 quam
974 2224 1090 2284 cito
1132 2224 1271 2285 cleri
1311 2243 1607 2306 caeperunt
1625 2244 1822 2287 vetere

83 2307 183 2367 'uti
223 2306 372 2378 stilo,
417 2308 479 2365 ὅτ
527 2305 722 2386 aperte
743 2306 1058 2378 ostendere,
1089 2307 1270 2386 quod,
1323 2307 1457 2367 licet
1483 2308 1819 2370 Romanum

99 2387 447 2448 Pontificem
513 2387 879 2460 deseruerint,
963 2386 1193 2467 antiqua
1230 2388 1507 2449 beneficia
1554 2389 1819 2450 amittere

97 2470 413 2535 nolebant3
473 2467 732 2548 ideoque,
778 2468 1014 2529 fimulac
1055 2469 1335 2549 principes
1375 2470 1550 2550 aliqui
1586 2470 1681 2528 vel
1710 2471 1821 2530 sta-

94 2565 185 2608 tus
214 2547 426 2629 jugum
461 2549 676 2630 Papale
717 2549 1061 2629 abjeciffent,
1106 2550 1164 2609 &
1194 2552 1471 2622 abbatias,
1529 2553 1819 2611 monaste-

97 2630 202 2701 ria,
297 2646 611 2711 caeteraque
677 2629 1078 2711 superstitionis
1128 2647 1500 2691 monumenta
1549 2632 1819 2693 demoliri

97 2709 407 2790 caepissent,
466 2711 639 2790 caepit
682 2712 858 2771 etiam
906 2711 1087 2770 clerus
1130 2712 1473 2772 reformatus
1519 2712 1819 2792 magistra-

99 2805 227 2849 tum
255 2791 496 2862 hortari,
528 2811 596 2850 ne
615 2792 863 2852 ecclefiae
896 2791 1314 2870 patrimonium
1344 2809 1626 2872 tangeret,
1681 2814 1817 2854 con-

99 2887 188 2929 tra
250 2870 575 2950 legitimum
618 2891 822 2930 eorum
878 2874 1189 2942 bonorum,
1256 2893 1386 2953 quae
1443 2875 1819 2954 superstitiose

97 2952 240 3010 olim
301 2950 552 3011 ecclefiae
616 2955 707 3027 (ut
744 2952 1067 3031 dicebatur)
1121 2954 1255 3014 data
1310 2953 1486 3026 fuere,
1547 2955 1709 3017 usum
1745 2957 1820 3016 ad

98 3031 427 3112 reipublicae
467 3030 776 3092 utilitatem
837 3032 1025 3092 severe
1069 3035 1473 3108 exclamante3‚
1551 3036 1614 3095 δε
1653 3038 1820 3096 sacri-

97 3113 320 3192 legium
362 3129 653 3173 vocantes,

174 3194 313 3254 SED
377 3193 487 3252 hoc
528 3192 785 3254 alimenti
825 3214 1003 3274 genus
1061 3216 1170 3275 pro
1236 3197 1398 3258 cleris
1452 3197 1515 3257 ὅτ
1551 3198 1817 3258 ministris

98 3274 517 3356 praeservandO,
559 3274 774 3355 primo,
819 3278 1177 3359 proponitur
1206 3278 1362 3359 quafi
1399 3278 1652 3341 avaritiae
1692 3279 1819 3340 ille-

1613 3363 1809 3432 cebra,
