2086 3640
721 82 810 144 De
846 82 1249 160 Justificatione.
1771 110 1792 146 1
1809 92 1836 147 8
1849 105 1885 167 7

159 211 230 253 ne
269 202 370 250 aut
403 187 710 271 suspicione
754 187 1006 270 Papismi
1040 189 1428 251 vindicandOS.
1512 191 1623 252 Sed
1664 192 1706 251 s1
1751 215 1890 274 quoe·

162 285 341 342 ratur,
387 272 556 333 Num
582 291 837 352 unquam
863 269 1112 330 diximus
1141 271 1237 332 vel
1265 273 1525 345 dicimu3,
1593 274 1890 352 hominem

163 354 433 433 operibus
465 351 806 434 justificari?
881 353 1194 429 Respondeo,
1257 354 1469 413 nemini
1517 355 1681 415 causa
1710 353 1892 437 jurgii

159 436 270 495 effe
317 435 508 506 debet,
581 434 624 493 s1
678 433 734 494 in
775 433 887 493 hoe
933 435 1173 512 negotio
1229 433 1360 515 ipsis
1400 437 1715 517 Scripturae
1762 458 1894 497 ver-
1960 439 1966 449 '

162 516 248 576 bis
275 516 515 587 utimur,
561 537 692 596 quae
730 514 933 574 diserte
972 515 1245 584 affirmat,
1291 517 1416 594 Jac.
1448 517 1503 577 ii.
1539 537 1632 593 24.
1696 517 1895 580 Videtis

163 599 408 678 quoniam
447 619 512 657 ex
551 598 789 677 operibus
821 595 1150 679 justificatur
1193 598 1361 668 homo,
1417 600 1486 660 &
1529 621 1630 660 non
1681 623 1744 661 ex
1778 601 1896 676 fide

160 690 386 739 tantum.
474 678 612 759 Ego
640 676 804 758 hujus
847 676 1137 737 sententiae
1171 677 1478 739 veritatem
1507 683 1756 761 probare
1777 701 1895 740 non

162 758 495 837 aggredior,
541 780 743 838 quum,
789 757 950 840 quod
1003 778 1075 818 eo
1112 759 1299 840 capite
1347 762 1421 821 ab
1452 762 1748 842 Apostolo
1775 763 1896 821 dic—

164 854 293 898 tum
334 841 436 911 est,
481 841 725 902 sufficiat
758 861 892 900 eum
928 840 1287 911 convincere,
1333 842 1431 922 qui
1481 843 1541 903 id
1576 844 1790 924 legere,
1833 845 1895 902 &

163 920 393 981 credere
430 922 608 984 volet.
693 921 789 982 Ex
827 941 944 1001 quo
987 937 1214 982 tantum
1246 924 1357 983 hoc
1377 945 1557 984 unum
1587 945 1897 1004 argumen-

165 1016 293 1061 tum
339 1002 641 1064 deducam.
724 1000 784 1062 Si
830 1018 1003 1063 nemo
1052 1003 1260 1084 absque
1299 1005 1413 1064 fide
1441 1005 1746 1084 justificari
1769 1007 1896 1084 pos-

165 1081 279 1150 fit;
322 1083 387 1143 &
434 1084 475 1144 fi
523 1086 684 1146 nulla
721 1083 860 1145 fides
906 1085 1042 1145 viva
1071 1083 1161 1156 fit,
1207 1086 1402 1146 autad
1429 1086 1901 1166 justificationem

165 1163 359 1224 valens
408 1167 616 1247 absque
654 1165 969 1247 operibus·‚
1035 1182 1173 1226 tunc
1209 1187 1388 1247 opera
1436 1167 1735 1226 necessaria
1772 1167 1903 1227 sunt

164 1245 239 1304 ad
277 1245 764 1324 justificationem.
849 1248 962 1308 Sed
1005 1267 1211 1307 verum
1251 1248 1335 1307 est
1390 1249 1583 1329 prius:
1629 1249 1797 1328 Ergo
1837 1249 1902 1308 ὅτ.

165 1325 462 1405 posteriuS.
548 1329 692 1389 Hoc
719 1330 800 1389 ita
841 1350 913 1388 ex
953 1329 1075 1389 Scri
1120 1330 1260 1389 turis
1304 1346 1467 1411 patet
1503 1331 1565 1389 &
1612 1331 1788 1404 lucet,
1816 1347 1903 1390 „ut

165 1408 525 1485 probationis
570 1411 732 1471 causa
762 1411 1036 1492 pleraque
1075 1351 1375 1491 {vangelii
1423 1427 1718 1493 praecepta
1747 1429 1903 1472 tran-

165 1488 408 1551 scribere
428 1492 734 1571 possemus.
820 1492 1015 1553 Pauca
1043 1495 1286 1564 notab0,
1333 1515 1466 1574 quae
1512 1515 1635 1554 rem
1665 1511 1904 1553 contro-

166 1570 387 1630 versam
420 1572 500 1631 ita
535 1573 861 1635 luculentes
899 1574 1314 1647 demonstrant,
1380 1591 1447 1634 ut
1481 1576 1906 1635 commentario

168 1665 272 1709 aut
306 1653 590 1734 ampliore
626 1655 1070 1715 confirmatione
1103 1675 1272 1734 egere
1312 1676 1428 1715 non
1467 1657 1796 1727 videantur,
1840 1657 1904 1716 δε

167 1746 304 1792 tunc
325 1750 528 1795 contra
550 1735 697 1795 hanc
722 1735 1059 1795 sententiam
1081 1734 1496 1815 objectionibus
1516 1737 1901 1818 respondeb0‚

167 1813 375 1892 quibus
395 1815 469 1874 ad
487 1817 633 1877 hanc
659 1816 1064 1878 debellandam
1087 1818 1391 1879 adversarii
1411 1835 1668 1878 utuntur.
1754 1819 1788 1854 ³¹⁶
1818 1822 1905 1879 Si-

170 1914 237 1953 ne
256 1899 547 1973 stanitate
583 1920 729 1959 nemo
775 1899 981 1958 videbit
1027 1899 1221 1960 Deum.
1307 1899 1434 1960 Non
1476 1903 1639 1960 omnis
1667 1904 1758 1981 qni
1778 1901 1905 1962 dicit

172 1979 324 2048 mihi,
363 1979 609 2051 Domine,
653 1981 900 2051 Domine,
946 1982 1172 2042 intrabit
1206 1985 1261 2043 in
1282 2003 1496 2063 regnum
1518 1982 1778 2054 caelorum,
1811 1984 1923 2062 sed‘

168 2061 261 2137 qui
290 2062 439 2140 facit
470 2061 799 2121 voluntatem
849 2065 1033 2141 patris
1073 2066 1194 2133 mei,
1262 2068 1351 2144 qui
1387 2066 1442 2123 in
1484 2064 1622 2124 ca’lis
1666 2070 1758 2123 est.
1843 2068 1907 2125 Si

169 2143 280 2204 hoec
300 2144 471 2221 scitis,
517 2144 659 2203 beati
679 2146 845 2214 eritis,
877 2145 934 2221 si
957 2146 1195 2223 feceritis
1223 2167 1302 2205 ea.
1391 2146 1727 2223 Circumcifio
1768 2147 1910 2207 nihil

167 2229 266 2294 eff,
313 2225 381 2286 ἔθ’
414 2227 739 2303 praeputium
775 2225 915 2286 nihil
941 2227 1030 2302 est,
1061 2227 1160 2303 fied
1203 2228 1491 2306 observatio
1531 2228 1904 2289 mandatorum

168 2307 294 2367 Dei.
381 2306 555 2377 Beati,
601 2310 691 2387 qui
715 2309 986 2384 proestant
1031 2310 1136 2389 ejus
1176 2322 1462 2388 proecepta‚
1511 2322 1571 2368 ut
1586 2312 1666 2387 stt
1701 2313 1766 2369 iis
1807 2314 1903 2391 jus

173 2390 229 2448 in
277 2389 517 2449 arborem
564 2391 716 2460 vitoe,
763 2389 833 2450 δέ
850 2405 956 2468 per
984 2403 1174 2468 portas
1222 2391 1591 2472 ingrediantur
1611 2395 1665 2451 in
1707 2395 1902 2451 civita-

168 2482 311 2530 tem:
367 2470 430 2528 δε
458 2471 570 2530 alia
614 2470 799 2531 multa
840 2492 973 2551 quae
1001 2471 1207 2532 adduci
1257 2474 1525 2553 poffent-‚
1572 2472 1666 2532 Ex
1695 2474 1901 2550 quibus

170 2550 555 2613 omnibus'fic
595 2568 974 2632 argumentor
1005 2575 1018 2611 :
1089 2552 1149 2612 Si
1187 2554 1225 2612 ii
1254 2555 1359 2613 soli
1381 2554 1438 2612 in
1458 2573 1699 2633 regnum
1726 2555 1901 2614 intra·

174 2633 342 2704 bunt,
386 2634 486 2712 qui
555 2633 690 2692 atris
708 2633 1075 2694 voluntatem
1103 2652 1322 2713 agunt,
1370 2633 1801 2694 fisolummodo
1822 2637 1905 2695 sa-

173 2711 389 2792 pientes
435 2733 486 2771 ae
530 2713 816 2772 ificatores
852 2713 1134 2784 dicantur,
1195 2716 1257 2772 ὅτ
1300 2714 1475 2786 beati,
1541 2716 1637 2795 qui
1688 2716 1903 2778 faciunt

173 2792 385 2851 Christi
411 2793 606 2860 dietam
672 2793 712 2851 fi
745 2815 942 2854 omnes
987 2795 1410 2854 observationes
1447 2795 1589 2856 nihil
1619 2798 1743 2857 Sint
1795 2800 1900 2859 nist

173 2872 499 2933 observatio
521 2873 969 2942 mandatorum3
1013 2875 1074 2934 &
1096 2873 1135 2932 fi
1169 2877 1320 2936 beati
1341 2875 1470 2948 sint,
1504 2880 1602 2957 qui
1623 2880 1901 2958 praestant

172 2972 490 3037 praecepta,
530 2974 711 3035 eoque
743 2954 835 3034 jus
859 2956 1072 3015 habent
1099 2955 1155 3015 in
1192 2960 1461 3019 arborem
1503 2959 1664 3030 vitae,
1710 2961 1771 3019 &
1799 2982 1903 3041 per

174 3051 371 3119 portas
392 3035 781 3118 ingredientur
802 3036 858 3097 in
882 3036 1175 3098 civitatem
1209 3064 1227 3106 3
1271 3056 1408 3100 tunc
1429 3061 1606 3122 opera
1630 3043 1782 3102 bona
1803 3065 1900 3102 ne-
1971 3090 1974 3093 -

1674 3124 1903 3186 cessaria

244 3296 278 3331 *
311 3296 432 3348 Heb.
450 3296 538 3346 xii.
566 3307 648 3358 14.
676 3297 935 3352 Mattb0vii.
957 3309 1040 3353 21·
1070 3297 1240 3362 Johan.
1274 3298 1382 3350 xiii.
1412 3315 1487 3365 17.
1527 3315 1547 3351 1
1572 3305 1673 3352 Cor.
1710 3303 1789 3354 vii.
1828 3315 1904 3364 19.

183 3361 319 3427 Apoc.
351 3361 472 3413 xxii.
497 3375 576 3424 ¹4·
