2086 3640
150 97 278 162 320
401 78 884 171 THE-318
966 76 1727 151 UNDECIMA.

141 206 242 246 nec
287 185 469 246 debent
491 187 656 264 semet
704 200 908 253 vexare
945 197 1042 244 aut
1093 200 1346 262 occupare
1390 187 1758 267 frequentibus
1809 189 1884 250 ἐφ’

127 270 339 347 parum
404 267 701 346 neccffizriis
749 265 1147 346 confhffiont'bus,
1240 267 1537 343 corporales
1566 268 1769 330 labores
1808 271 1881 332 [ε’

139 351 472 425 austeritates
513 347 811 423 exercendo,
877 347 1144 407 vocalium
1191 351 1488 408 orationum
1526 351 1639 428 usic,
1701 370 1881 411 nume-

139 432 282 509 rosas
331 431 505 509 miffizs
543 429 820 501 audiendo,
892 429 986 489 vel
1014 433 1345 508 praescriptis
1385 430 1740 492 devotionibus
1785 442 1882 491 aut

136 514 401 570 exercitiis
450 511 525 571 ad
543 512 778 589 similos,
825 510 922 571 vel
945 514 1190 588 precibus
1222 528 1326 588 pro
1347 514 1496 571 vivis
1533 513 1605 573 ἔθ’
1633 515 1885 582 mortuis,-

137 592 232 651 vel
262 593 484 669 solicitis
535 594 606 655 ἑά
657 596 832 654 anxiis
877 596 1016 653 curis
1055 594 1132 652 ad
1164 593 1452 652 lucrandas
1498 593 1875 674 indulgentias,

128 674 502 752 particularia
538 674 736 753 templa
776 675 1059 753 vifitand0‚
1106 675 1627 753 confraternitatibus
1657 675 1722 754 st·
1742 676 1878 754 jun-

130 756 319 836 gendo,
365 756 459 815 vel
484 759 648 835 semet
682 760 821 816 votis
863 756 933 818 &2⁹
954 757 1369 834 promiffionibus
1410 755 1705 826 vexando,
1749 758 1878 836 quia

136 838 424 917 hujusmodi
471 838 760 918 impediunt
801 842 1037 898 animam
1063 839 1130 897 ab
1158 839 1515 915 obssrvatione
1549 837 1724 898 divini
1751 839 1878 916 spi-⁴

136 919 296 990 ritu's,
344 922 435 999 qui
475 922 532 980 in
579 920 686 979 illei
719 921 812 996 est,
888 920 956 982 &
1001 921 1037 977 ὰ
1097 919 1338 978 libertate
1384 918 1636 1002 sequendi
1680 918 1878 997 *Spiri-

132 1014 267 1072 tum,
315 1005 415 1082 quo
458 1002 665 1061 duceret
700 1000 870 1060 illam.
954 1000 1038 1060 Et
1083 1017 1276 1060 tamen
1304 1001 1428 1080 quis
1448 996 1642 1071 nescit,
1715 999 1875 1078 qubd

132 1081 192 1140 in
242 1082 326 1141 his
378 1082 879 1144 observationibus
929 1081 1255 1142 Pontificiae
1294 1081 1586 1161 religionis
1620 1081 1882 1142 substan«

131 1163 212 1222 tia
249 1164 543 1223 confistit?
611 1164 833 1223 *Hinc
882 1178 1076 1224 tamen
1118 1181 1357 1243 apparet
1405 1164 1467 1221 &
1515 1163 1712 1223 multis
1752 1161 1879 1223 aliis

128 1243 291 1315 lociS‚
337 1266 468 1325 quae
506 1266 578 1305 ex
622 1247 869 1326 Mysticis
888 1264 1093 1304 eorum
1114 1244 1489 1324 scriptoribus
1511 1243 1719 1304 adduci
1740 1231 1875 1323 pos-a

129 1324 272 1397 sent,
340 1327 641 1406 quomodo
680 1327 832 1386 hunc
874 1327 1097 1386 cultum
1145 1327 1414 1386 omnibus
1453 1324 1576 1385 aliis
1630 1325 1870 1404 praecel-

127 1405 247 1465 lere
295 1407 704 1486 opinabantur,
751 1408 812 1466 ὅτ,
854 1407 1034 1488 qubd,
1109 1406 1209 1485 qui
1250 1408 1402 1466 hunc
1439 1404 1633 1485 adepti
1669 1406 1866 1478 effent,

126 1487 248 1546 aliis
294 1509 408 1549 non
466 1509 613 1567 opus
664 1488 1042 1553 habuerunt3
1090 1486 1211 1546 imo
1252 1489 1352 1565 qui
1397 1487 1693 1546 coelestem
1715 1487 1868 1547 hunc·

129 1569 353 1629 cultum
398 1569 774 1650 praestabant,
848 1571 1181 1629 fatebantur
1233 1568 1373 1628 alias
1412 1567 1761 1628 ceremonias
1808 1570 1870 1629 &

125 1650 316 1710 cultfis
358 1650 573 1710 formas
609 1651 673 1709 iis
722 1651 948 1711 inutiles
985 1648 1167 1719 fuiffe,
1227 1669 1413 1728 neque
1465 1664 1529 1708 ut
1574 1649 1868 1711 neceffari-

122 1752 182 1791 as
230 1733 482 1814 agebant
529 1754 642 1803 eaS,
688 1732 784 1792 sed
826 1730 1240 1793 tantummodo
1274 1730 1491 1790 ordinis
1526 1729 1714 1810 gra-tii
1747 1756 1766 1798 3
1808 1731 1875 1791 δι’

123 1813 262 1873 licet
304 1813 541 1893 plurimi
582 1834 786 1874 eorum
828 1814 906 1874 ita
949 1813 1355 1874 communibus
1373 1810 1732 1892 profeffionis
1750 1811 1869 1874 suae

123 1896 374 1954 tenebris
423 1895 712 1955 obscurati
749 1894 984 1967 fuerint,
1055 1895 1431 1954 affirmabant
1473 1893 1876 1974 tamen-spiria

120 1975 342 2035 tualem
385 1976 536 2035 hunc
586 1977 814 2036 cultum
840 1977 1068 2056 semper
1090 1974 1452 2034 retinendum
1480 1973 1588 2032 effe
1616 1974 1868 2055 &quae-

121 2056 390 2128 rendum‚
464 2056 602 2116 licet
644 2058 773 2116 inde
816 2057 1186 2116 necessarium
1237 2055 1389 2114 foret
1427 2070 1692 2116 externas
1740 2055 1865 2115 suas

122 2137 476 2197 ceremonias
535 2137 823 2198 omittere.
910 2138 1074 2196 Hinc
1116 2135 1451 2205 Bernardus‚
1496 2150 1563 2194 ut
1610 2136 1667 2195 in
1710 2136 1863 2194 mul-

121 2217 192 2277 tis
231 2218 353 2278 aliis
403 2218 565 2287 lociS,
614 2217 689 2277 fic
729 2219 786 2277 in
836 2218 1078 2298 epistola
1128 2217 1202 2275 ad
1246 2215 1858 2294 Gulielmum-ejusdem

120 2299 337 2359 ordinis
386 2301 686 2371 abbatem,
732 2299 835 2371 ait,
882 2300 1134 2359 attendite
1185 2298 1263 2357 ad
1309 2297 1549 2379 regulam
1566 2298 1696 2367 Dei,
1742 2318 1861 2378 reg-

119 2401 248 2440 num
288 2383 397 2441 Dei
445 2384 501 2441 in
554 2382 705 2442 vobis
743 2382 849 2458 est:
915 2381 976 2439 &
1025 2379 1244 2460 postea,
1291 2380 1599 2461 agnoscens
1643 2379 1859 2439 debere

117 2462 300 2540 patris
338 2482 544 2527 eorum
591 2463 861 2523 Benedicti
909 2463 1136 2542 regulas
1190 2461 1252 2519 ὅτ
1281 2460 1508 2519 ordines
1539 2459 1855 2530 observari,

118 2543 299 2615 addit,
350 2545 451 2622 sed
487 2543 720 2624 alioquin
749 2546 805 2622 fi
849 2546 928 2604 ita
975 2542 1203 2613 accidat,
1267 2541 1405 2621 quod
1447 2562 1511 2600 ex
1547 2542 1654 2616 istis
1686 2540 1854 2600 alter-

119 2637 300 2684 utrum
348 2627 516 2685 omitti
551 2639 804 2704 oporteat,
872 2627 964 2684 hoc
1010 2627 1151 2704 casu,
1211 2635 1431 2682 externa
1474 2622 1641 2704 multo
1687 2624 1854 2701 magis

117 2707 402 2766 omittenda
441 2709 591 2784 sunt,
639 2709 798 2788 quam
849 2710 1105 2772 interna,
1150 2727 1245 2785 quo
1283 2707 1419 2762 enim
1460 2704 1691 2780 Spiritus
1739 2724 1853 2762 cor-

108 2803 242 2865 pore
275 2788 605 2849 excellentior
639 2790 708 2865 est
744 2789 814 2850 ἐξ
862 2789 1107 2858 nobilior,
1153 2791 1209 2845 eo
1240 2784 1555 2863 spiritualia
1601 2787 1854 2844 exercitia

117 2869 337 2928 utiliora
367 2871 497 2949 sunt
540 2871 917 2948 corporalibus.
1005 2872 1106 2928 An
1141 2887 1255 2926 non
1279 2866 1456 2944 igitur
1499 2865 1597 2925 ille
1637 2865 1848 2935 cultus,

117 2970 291 3029 quem
333 2950 640 3011 hominum
705 2948 1153 3032 praestantiflirni
1202 2948 1261 3006 &
1304 2946 1514 3027 optimi
1561 2946 1854 3026 cujuscun‹

1738 3044 1851 3103 que

135 3157 1712 3179 effluo,
1745 3156 1820 3166 ,Μ

183 3195 213 3229 *
249 3192 365 3242 Vide
404 3193 452 3244 in
482 3190 639 3256 sanila
678 3188 856 3256 sophie,
887 3191 1026 3241 Trafib.
1068 3205 1116 3252 3.
1141 3189 1250 3252 seil-
1285 3203 1330 3241 1.
1362 3199 1454 3253 cap.
1493 3183 1583 3257 vii·⁴
1609 3181 1848 3255 Bahbfizq-

114 3257 181 3306 ris
219 3258 410 3306 Alvaris
445 3262 591 3308 vitam
618 3253 667 3308 ὅ
714 3259 967 3322 epilogum
1004 3267 1076 3319 pro
1109 3255 1183 3303 hoc
1223 3258 1362 3313 cultu,
1397 3255 1453 3301 ad
1494 3262 1633 3314 quem,
1666 3247 1837 3320 retzstis

111 3321 286 3376 ordinis
319 3322 398 3385 sui
435 3323 818 3384 observationibus
850 3318 899 3373 Εὖ*
939 3323 1123 3388 regulis,
1153 3318 1323 3371 interni
1362 3312 1413 3366 δ’
1449 3314 1602 3371 divini
1658 3313 1842 3365 luminu?

117 3401 238 3439 motu
275 3387 449 3449 duftus,
471 3390 522 3450 se
558 3389 803 3444 convertis.
1139 3421 1142 3423 -
1282 3416 1286 3417 ν
1866 3414 1869 3421 ·

2026 1040 2041 1124 ξ

2008 1135 2046 1201 ‘i'

2026 1200 2044 1243 ,ἒ
