2086 3640
253 107 345 202 De
363 138 637 204 Commun.
667 136 742 203 Β
763 91 976 201 Partii‘.
1005 147 1147 218 corp
1191 136 1266 201 &²
1274 130 1437 222 sang.
1457 137 1686 217 Che-asti}
1755 151 1883 227 391'

133 245 266 308 inde
293 261 485 309 tamen
531 247 816 331 sequetur,
859 266 1064 310 eorum
1105 259 1348 328 propter
1382 265 1558 328 panes
1585 248 1882 340 quaefitio·

124 349 262 388 nem
290 330 658 391 neceffariam
683 327 870 390 ullam
900 328 1033 391 huic
1069 328 1410 390 relationem
1442 327 1708 394 habuiss'e.
1783 333 1878 393 Sic

128 407 308 470 etiam
338 411 595 474 Christus
623 407 981 473 occasionem
1007 410 1164 491 cepit
1207 411 1245 470 ἃ
1279 425 1431 488 pane
1455 410 1527 474 &³
1563 413 1710 484 vino,
1740 430 1878 493 quae

127 506 266 551 ante
308 511 406 550 eos
450 509 634 564 erant,
706 492 849 552 dum
874 493 1213 562 coenabant,
1276 507 1344 552 ut
1388 489 1739 572 fignificaret
1784 493 1873 566 iis,

124 571 305 650 quod,
338 570 499 631 ficuti
537 576 720 652 panis,
763 591 940 654 quem
963 571 1140 652 fregit
1165 572 1266 643 eis,
1305 572 1372 631 »δε
1391 577 1603 646 ¹vinum,
1649 574 1743 634 cui
1771 576 1876 648 be-

120 652 343 713 nedixit
371 654 436 713 &
454 653 612 715 dedit
636 655 735 726 eiS,
781 652 1184 714 conducebant
1226 652 1301 712 ad
1329 653 1607 715 servanda
1640 655 1737 715 vel
1767 677 1874 716 nu-

120 731 348 794 trienda
403 754 655 816 corpora
693 754 922 805 eorum,
974 731 1062 802 *fic
1108 732 1285 794 etiam
1334 751 1518 812 corpus
1546 735 1709 815 ficum
1748 735 1872 800 cito

119 809 365 874 daturus
399 833 544 888 erat,
587 817 653 878 δε
687 817 1003 899 sanguinem
1033 816 1194 894 suum
1243 815 1361 875 cito
1401 815 1682 878 effusurus
1722 835 1874 891 erat,

120 912 235 973 pro
261 894 439 957 salute
467 897 791 958 animarum
819 897 1077 980 ipsorum
1103 921 1123 964 3
1168 896 1415 977 ideoque
1443 898 1547 976 ipſse
1548 898 1702 974 finis,
1736 898 1873 963 huic

117 978 466 1039 ce-remoniae
504 980 835 1059 affignatus,
879 978 962 1037 est
996 981 1179 1038 mortis
1207 978 1410 1055 Christi
1434 984 1872 1043 commemoratio.

114 1055 404 1138 Figuram
444 1077 636 1139 autem
683 1058 990 1140 spiritualis
1038 1058 1204 1138 hujus
1247 1059 1451 1139 partici
1498 1061 1703 1121 ationis
1738 1082 1869 1121 cor-

116 1139 275 1218 poris
320 1140 530 1201 Christi
575 1140 964 1201 ceremoniam
1004 1139 1171 1200 illam
1219 1139 1403 1212 fuiffe,
1510 1161 1583 1201 oc
1633 1158 1867 1201 remoto

113 1220 394 1299 respestu‚
440 1221 678 1282 minime
719 1222 1046 1303 abnegabO,
1094 1220 1217 1281 imo
1258 1220 1373 1301 ipsa
1418 1220 1560 1282 thefi
1583 1221 1868 1282 confeffus

115 1300 259 1360 sum.
343 1303 455 1362 Sed
484 1301 526 1360 fi
555 1302 790 1375 dicatur,
838 1301 1204 1384 Apostolum
1242 1323 1266 1363 1
1298 1303 1436 1362 Cor.
1466 1322 1524 1363 x.
1566 1303 1658 1363 16.
1689 1323 1866 1363 voca-

110 1400 175 1440 re
185 1398 405 1460 panem,
457 1404 635 1465 quern
666 1383 905 1465 frangit,
934 1387 1339 1445 communionem
1373 1387 1605 1462 corporis
1633 1382 1862 1463 Christi,

112 1461 177 1521 Bc
197 1463 410 1524 calicem
450 1469 852 1527 communionem
862 1468 1140 1549 sanguinis
1160 1468 1301 1547 ejus:
1367 1465 1689 1543 Respondet),
1740 1466 1865 1526 imo

107 1543 173 1604 δε
250 1544 392 1609 uam
426 1547 791 1611 libentiflime
815 1549 1011 1610 verbis
1042 1545 1360 1617 subscribO,
1402 1546 1518 1616 sed,
1563 1545 1726 1626 quod
1750 1546 1868 1608 hoc

108 1624 227 1686 inte
254 1627 295 1686 li
340 1642 471 1691 atur
491 1628 563 1692 de
583 1646 823 1690 externo
864 1648 1036 1710 pane,
1078 1646 1275 1710 neg03
1318 1644 1501 1710 neque
1541 1627 1726 1689 evinci
1751 1648 1864 1711 po-

111 1707 244 1779 test,
316 1708 389 1767 ed
410 1710 772 1771 contrarium
814 1710 845 1770 ἐ
889 1725 1169 1771 contextu
1197 1723 1360 1789 patet
1385 1731 1404 1787 z·
1442 1728 1579 1769 nam
1608 1728 1679 1768 ne
1727 1712 1860 1771 ver-

110 1788 257 1854 bum
298 1789 371 1856 dc
420 1790 529 1855 hac
557 1791 878 1852 ceremonia
923 1793 1038 1851 hoc
1075 1791 1263 1872 capite
1303 1789 1568 1870 loquitur
1595 1789 1858 1871 Aposto-

108 1869 197 1929 lus
224 1894 242 1937 ·,
285 1892 445 1944 nam,
494 1875 630 1933 cum
649 1872 814 1933 initio
839 1871 1209 1932 admonuerit
1236 1890 1356 1941 eOS,
1381 1871 1682 1951 quomodo
1712 1872 1866 1942 olim

109 1951 302 2035 Judaei
331 1955 640 2034 participes
670 1954 898 2013 fuiss‘ent
921 1951 1229 2032 spiritualis
1249 1952 1371 2022 cibi,
1416 1950 1478 2011 &
1516 1971 1691 2032 aquae,
1724 1973 1857 2032 quae

104 2048 233 2090 erat
273 2033 537 2111 Christus,
584 2035 648 2095 δε
686 2034 988 2117 quomodo
1031 2053 1101 2094 ex
1147 2033 1213 2092 iis
1244 2031 1504 2114 plerique
1547 2053 1651 2111 per
1677 2035 1857 2095 inobe÷

101 2111 359 2184 dientiam
398 2120 462 2179 δε
500 2116 857 2177 idololatriam
891 2116 922 2174 Ξι
956 2117 1116 2176 bono
1147 2114 1252 2174 illo
1282 2113 1432 2173 statu
1472 2113 1729 2195 prolapfi
1758 2113 1860 2176 fu*

96 2194 269 2269 erint,
340 2197 608 2264 hortatur
654 2195 993 2258 Corinthios
1033 2197 1111 2258 ab
1150 2194 1427 2275 exemplo
1475 2193 1859 2274 Judaeorum,

99 2294 249 2366 quos
290 2278 505 2344 excidit
544 2279 724 2351 DeuS,
789 2295 858 2339 ut
897 2298 965 2338 ea
1013 2277 1166 2339 mala
1214 2276 1503 2357 fugerent,
1551 2276 1852 2340 ostendens

104 2355 192 2427 iis,
238 2359 398 2436 quod
433 2359 495 2419 &
535 2359 642 2439 ipsi
679 2358 967 2419 Corinthii
1009 2357 1320 2439 participes
1349 2354 1487 2416 fasti
1510 2357 1642 2423 ⁴sunt
1669 2376 1851 2438 corpo·

101 2439 180 2497 ris
213 2437 276 2496 &
301 2440 580 2525 sanguinis
620 2441 845 2526 Christi,
889 2439 1001 2523 qua
1033 2437 1441 2500 communione
1469 2438 1524 2499 se
1551 2438 1850 2519 privarent

97 2517 164 2582 δε
201 2518 534 2599 spoliarent,
580 2519 623 2584 ss
664 2522 886 2586 malum
928 2537 1346 2603 perpetrarent,
1393 2523 1518 2600 quia
1547 2540 1650 2579 non
1682 2533 1845 2597 potu·

100 2612 261 2659 erunt
287 2600 461 2663 bibere
479 2599 690 2679 calicem
720 2603 963 2674 Domini,
1009 2602 1080 2663 Es?
1120 2602 1337 2662 calicem
1377 2600 1729 2672 diabolorum,
1774 2600 1849 2665 Es?

92 2683 431 2761 participare
451 2679 890 2765 -mensae'Domini
922 2683 992 2746 ὑπ’
1014 2682 1194 2762 mensa>
1212 2681 1560 2764 diabolorum,
1593 2699 1712 2742 ver.
1747 2701 1845 2743 21.

100 2761 262 2840 quod
289 2764 670 2839 demonstrat,
714 2765 786 2825 de
814 2765 1038 2826 edendo
1064 2778 1274 2825 externo
1301 2763 1447 2843 pane
1474 2763 1536 2822 &
1576 2764 1704 2822 vino
1732 2761 1847 2824 hoc

103 2842 243 2902 loco
291 2844 615 2905 sermonem
663 2867 781 2907 non
820 2847 975 2915 effe;
1035 2846 1166 2926 quia
1217 2845 1315 2925 qui
1360 2843 1567 2904 bibunt
1606 2842 1846 2906 calicem

102 2922 499 2998 diabolorum,
544 2926 607 2988 &
640 2928 743 3012 qui
778 2927 1017 2989 affident
1046 2924 1254 2986 mensae
1281 2923 1671 2995 diabolorum,
1725 2924 1847 2985 imo

88 3003 280 3064 'etiarn
322 3007 628 3068 hominum
655 3007 978 3089 nequissimi
1017 3005 1363 3090 participare
1388 3007 1625 3085 poss'unt
1652 3004 1716 3065 de
1753 3027 1848 3065 ex·

100 3097 251 3147 terno
286 3102 430 3166 pane
454 3088 517 3151 δε
543 3092 688 3150 vino.
775 3090 1065 3151 Praeterea
1090 3104 1266 3149 vocat
1308 3087 1630 3168 Apostolus
1647 3102 1847 3165 panem

88 3186 288 3240 unum,
340 3190 459 3230 ver.
505 3172 605 3249 '17.
634 3170 697 3230 δε
744 3171 848 3244 ait,
894 3171 1039 3253 quod
1077 3191 1168 3232 nos
1211 3168 1366 3230 multi
1407 3188 1543 3228 unus
1580 3171 1745 3246 panis
1773 3168 1845 3232 ΕΞ

103 3239 267 3311 unitm
315 3267 497 3329 corpus
529 3253 732 3332 fiemus,
793 3255 884 3334 qui
942 3274 1112 3315 omnes
1143 3253 1436 3330 participes
1459 3251 1643 3330 fitmus
1691 3252 1846 3313 unias

105 3330 250 3409 istius
276 3335 456 3410 panis.
540 3334 600 3396 Si
620 3350 816 3397 autem
834 3337 1000 3415 panis
1018 3334 1086 3394 fit
1114 3354 1267 3408 unus,
1312 3345 1556 3395 externus
1592 3330 1703 3393 effe
1730 3352 1846 3472 nan

969 3416 1019 3476 C
1048 3434 1077 3477 c
1106 3438 1145 3491 4
1632 3428 1769 3497 pote
1794 3436 1797 3439 “
1824 3456 1845 3486 ,
