2086 3640
1705 77 1820 140 xiii.

92 415 207 502 R.
269 414 368 504 B.
480 409 1041 497 LECTORI
1146 407 1814 497 BENEVOLO

752 591 819 658 S.
911 585 987 656 P.
1076 586 1166 652 D.

272 758 403 816 UU
414 758 502 816 M
533 756 626 815 hoc
645 752 1052 830 mihipraecipue
1078 751 1345 826 statutum
1375 755 1472 830 stt,
1517 756 1820 816 veritatem

277 838 396 916 scil.
419 840 744 897 annunciare
804 834 873 895 ἑά
913 848 1292 913 propugnare3
1365 838 1504 914 cujus
1547 839 1834 913 ministerio

94 939 196 987 me,
224 941 436 999 meaque
456 921 632 977 omnia
653 915 823 976 dedidi
843 914 912 975 ὅ)
934 914 1147 984 devovi,
1190 914 1330 974 nihil
1367 917 1497 975 mihi
1522 920 1627 994 ejus
1663 920 1823 996 causei

29 1023 31 1025 ·
95 1003 387 1073 (annuente
421 1000 600 1058 divino
643 1001 877 1073 numi-ne)
912 1016 1012 1054 non
1048 997 1296 1072 experiri,
1344 997 1412 1056 ἑῇ)
1452 1018 1552 1056 non
1604 999 1821 1070 audere,

82 1080 226 1158 poffi’
261 1081 463 1140 videor.
550 1079 628 1138 Et
669 1080 761 1138 hoc
800 1075 942 1155 modo
963 1078 1164 1154 fretus,
1211 1075 1389 1154 Theses
1413 1078 1659 1157 quasdam
1689 1079 1824 1137 The-

93 1160 336 1241 ologicas,
379 1162 630 1221 veritatis
658 1161 926 1238 principia
967 1157 1036 1218 δᾶ
1067 1161 1349 1236 praecipua
1399 1158 1639 1239 dogmata
1680 1182 1822 1219 com-

86 1243 483 1318 prehendentes,
520 1240 732 1320 publico
768 1261 869 1300 non
913 1242 990 1298 ita
1008 1239 1218 1317 pridem
1239 1239 1486 1317 exposui3
1531 1262 1663 1320 quoe,
1709 1242 1825 1303 cum.

97 1324 401 1402 quibusdam
437 1344 536 1383 non
556 1321 764 1382 inutiles
784 1321 908 1400 visae
926 1323 1060 1398 sint,
1124 1342 1186 1380 ac
1198 1333 1406 1397 praeter
1425 1325 1826 1399 expectationem

98 1404 171 1464 δέ
207 1406 274 1465 ab
330 1404 516 1468 alienis
558 1404 628 1466 {9²
677 1403 977 1482 alienigenis
1026 1400 1267 1463 benevole
1300 1416 1516 1480 receptae
1543 1405 1679 1479 fint‚
1726 1403 1826 1478 (li-

0 1559 1 1564 x
97 1497 177 1544 cet
221 1488 258 1545 ιὶ
308 1486 612 1567 quibusdam
652 1488 811 1546 etiam
856 1483 1052 1546 invidis
1092 1491 1428 1572 oppugnata)
1483 1488 1561 1544 ita
1598 1501 1828 1561 proeva-

0 1573 1 1576 ’
98 1565 335 1637 luerunt,
380 1581 442 1628 ut
476 1566 664 1646 aliqud
704 1587 768 1625 ex
808 1578 970 1643 parte
1008 1567 1334 1644 monstrosam
1377 1565 1530 1625 illam
1554 1567 1622 1626 &
1646 1567 1828 1644 ‘fabu-

90 1646 261 1725 losam
300 1651 584 1726 opinionem
641 1647 779 1727 (qud
827 1646 1050 1705 mendax
1083 1648 1247 1724 fama
1284 1646 1353 1707 &2³
1404 1647 1829 1726 adversariorum

99 1729 317 1788 malitia
356 1729 683 1808 quorundam
724 1729 923 1787 animos
969 1727 1030 1786 de
1078 1728 1220 1786 nobis
1264 1727 1542 1807 nostrisqite
1576 1728 1825 1788 dobirinis

101 1811 391 1887 imBuerat)
438 1812 802 1887 expunxerint.
885 1808 1002 1867 Hoc
1050 1810 1275 1886 respebtu
1326 1810 1456 1870 mihi
1510 1808 1684 1888 visum
1734 1812 1826 1886 est,

101 1910 196 1949 nec
244 1891 419 1950 labori
480 1912 570 1950 nec
624 1893 770 1967 operi
796 1907 1063 1968 parcere3
1144 1889 1349 1969 ideoque
1397 1890 1610 1971 ejusdem
1659 1890 1832 1949 divini

105 1972 336 2048 Spiritu's
376 1984 537 2041 motu,
602 1970 870 2051 eodemque
914 1970 1276 2049 propagandae
1321 1974 1573 2033 veritatis
1627 1971 1831 2049 constlio

103 2051 309 2123 duetus,
355 2073 450 2132 quo
489 2053 646 2130 theses
676 2054 810 2131 ipsas
854 2051 1154 2130 publicavi,
1198 2073 1287 2112 eas
1335 2053 1426 2112 hoc
1472 2065 1697 2130 tempore
1725 2053 1830 2112 ali·

105 2132 416 2215 quantulum
443 2134 620 2212 fusius
656 2132 1018 2212 explanandas
1060 2133 1128 2194 &
1177 2132 1476 2213 quibusdam
1515 2131 1832 2214 argumentis

95 2214 512 2296 propugnandas
570 2216 883 2295 existimavi.
969 2214 1202 2295 Fortaſje
1263 2237 1377 2278 mea
1427 2216 1688 2293 scribendi
1728 2238 1833 2276 me-

106 2297 314 2367 thodus,
360 2297 398 2355 ιὶ
449 2294 746 2356 communi
794 2296 1245 2375 Theologorum
1294 2297 1568 2375 nonsolum
1595 2297 1827 2377 diversa,

95 2377 199 2457 fid
227 2381 386 2438 etiam
426 2376 604 2438 aliena
652 2378 893 2440 Lestori
938 2378 1116 2439 videri
1155 2380 1339 2456 potest,
1384 2379 1519 2458 quod
1562 2381 1690 2439 mihi
1736 2381 1835 2438 mi·'

44 2527 47 2532 ,
109 2461 251 2523 nime*
292 2478 432 2518 curae
478 2462 600 2530 erit,
647 2461 889 2540 quoniam
921 2480 1000 2518 me
1045 2459 1526 2520 Scholasticorum
1556 2480 1656 2519 non
1685 2460 1864 2527 mocio*¹

109 2561 214 2601 non
262 2541 635 2601 admiratorem
689 2540 758 2602 ἐξ
808 2542 1142 2611 imitatorem,
1189 2540 1288 2618 sed
1319 2554 1706 2618 contemptorem
1763 2540 1833 2601 69⁷

111 2622 480 2700 adversarium
501 2623 715 2703 ingenue
739 2623 945 2701 fateor,
991 2643 1209 2701 quorum
1252 2622 1515 2682 laboribus
1535 2621 1838 2701 religionem

36 2774 39 2778 ,
112 2703 475 2781 Christianam
528 2724 630 2764 non
666 2703 1092 2775 commendatam,
1148 2702 1250 2781 sed
1289 2704 1426 2781 pene*
1479 2702 1836 2763 annihilatam

112 2782 210 2863 effi
233 2786 479 2862 existimo.
508 2784 598 2844 Ne
631 2805 696 2847 ue
714 2785 805 2847 hoc
832 2805 999 2844 meum
1017 2801 1141 2861 opus
1151 2785 1512 2861 prurientibus
1538 2806 1716 2845 eorum
1737 2807 1834 2844 au·
1891 2838 1900 2841 ,,

117 2865 269 2924 ribus
317 2870 566 2928 accommo
605 2869 722 2936 avi,
769 2867 857 2945 qui
871 2865 1120 2943 sublimes
1139 2868 1296 2924 etiam
1323 2868 1571 2927 veritatis
1604 2869 1836 2930 notiones

115 2947 301 3026 magis·
328 2947 498 3022 capite
527 2946 968 3024 comprehendere,
1012 2947 1172 3027 quam
1206 2946 1356 3006 corde
1401 2947 1667 3025 complebti
1693 2951 1850 3026 cupi--

116 3038 231 3086 unt.
316 3024 457 3105 Qoe
494 3029 631 3091 enim
674 3029 879 3106 scripst‚
940 3047 1040 3095 non
1079 3028 1193 3088 tam
1253 3049 1338 3088 ex>
1362 3032 1532 3107 capite
1577 3029 1736 3108 quam
1773 3050 1838 3100 ex

117 3106 270 3167 corde
313 3109 621 3187 exprompsi,
682 3129 896 3188 quaeque
933 3112 1122 3169 animoe
1182 3131 1304 3176 meae
1353 3111 1570 3170 auribus
1623 3110 1832 3181 audivi,

121 3190 343 3249 internis
406 3188 564 3249 oculis
604 3189 741 3260 vidi,
806 3190 876 3253 ἔθ’
936 3210 1121 3253 manus
1168 3212 1295 3249 meae·
1331 3190 1721 3253 contreetdrunt
1777 3192 1838 3251 a⁷e

121 3270 304 3329 verbo
343 3269 499 3330 vitae.
584 3269 745 3348 Qod
761 3272 890 3331 mihi
920 3273 1057 3332 intus
1079 3273 1462 3351 manifestatum
1504 3273 1572 3349 est
1601 3271 1662 3331 de
1688 3274 1840 3332 rebus

126 3348 345 3426 divinis,
388 3350 527 3416 illud
550 3355 829 3429 annuncio,
872 3373 974 3412 non
1010 3353 1124 3414 tam
1170 3354 1448 3422 verborum
1490 3353 1560 3414 ἑά
1588 3355 1841 3430 sermonis
1933 3398 1937 3402 -

891 3435 931 3511 b
957 3453 999 3515 3¹
1530 3434 1855 3516 elegantiam⁴
