2086 3640
209 99 331 168 '422
439 79 820 149 THESI'S
889 78 1337 154 DECIMA
1376 38 1826 173 QuARTA.

213 195 388 255 beant
431 188 759 271 hypocrisin
805 188 1202 259 condemnare,
1269 187 1401 265 quia
1446 207 1575 245 eam
1624 175 1787 247 certe*
1843 184 1952 244 dis-

216 291 446 333 cernere
487 292 607 330 non
664 269 912 348 poffunt,
959 268 1147 330 multo
1184 269 1372 326 minus
1416 267 1610 347 potuit
1647 267 1811 326 Nero
1841 286 1951 346 pro

218 351 418 414 haeresi
448 352 696 430 aliquem
739 349 961 428 punire,
1007 349 1076 408 de
1121 348 1230 429 qua
1262 348 1518 427 judicare
1562 347 1800 426 incapax
1822 367 1954 406 om-

219 435 356 494 nino
406 430 529 489 fuit.
618 431 698 489 Et
748 429 788 486 s1
838 451 957 489 non
1008 430 1269 491 habuerit
1320 431 1485 489 Nero
1543 428 1955 487 authoritatem

222 511 567 592 dijudicandi
621 510 715 568 vel
759 510 1027 589 puniendi
1063 532 1174 591 pro
1216 508 1436 579 haeresi,
1505 525 1641 568 tunc
1684 509 1815 568 hinc
1875 506 1959 567 ni-

225 595 306 656 hil
361 592 527 671 argui
567 591 775 671 potest,
843 595 996 661 cum,
1058 591 1328 670 quicquid
1371 592 1479 648 hoc
1525 589 1656 662 loco
1710 587 1956 657 dicatur,

226 675 300 734 ad
350 675 649 732 Neronem
693 672 1042 752 applicabile
1086 672 1175 743 fit,
1223 671 1375 750 quia,
1443 691 1577 730 cum
1626 667 1961 750 particulari

227 755 304 814 ad
353 753 518 812 illum
571 754 843 832 respecttn
911 754 1184 832 scripturn
1227 752 1324 811 est.
1411 751 1491 810 Et
1541 750 1582 808 fi
1643 750 1819 810 talem
1862 750 1963 808 ha-

231 835 421 895 buerit
478 835 643 893 Nero
686 835 1116 902 authoritatem,
1191 853 1453 892 exercere
1502 831 1664 891 illam
1712 831 1967 892 debebat

231 914 535 976 secundum
594 915 1028 994 intelligentiam
1078 916 1138 972 &
1187 914 1582 973 conscientiam
1629 912 1811 982 suam,
1878 926 1966 970 at-

230 1019 341 1078 que
384 996 463 1054 ita
508 996 735 1075 agendo
784 1017 897 1056 non
929 1013 1050 1055 erat
1100 995 1571 1074 redarguendum
1616 992 1775 1072 quod
1813 991 1969 1050 suffi-

234 1079 316 1136 cit
347 1077 660 1154 justificare
703 1078 870 1135 illum
921 1078 977 1135 in
1030 1077 1351 1157 Apostolos
1379 1076 1438 1134 &
1479 1073 1827 1136 Christianos
1851 1090 1971 1134 tru-

235 1158 477 1218 cidando
519 1161 579 1218 ὅτ,
609 1157 1011 1236 persequendo

316 1240 568 1307 TRTIO,
615 1239 856 1318 objiciunt
900 1239 1172 1318 Apostoli
1224 1240 1297 1298 ad
1354 1238 1485 1298 Gal.
1530 1258 1586 1297 v.
1644 1256 1733 1299 12.
1764 1239 1975 1298 utinam

238 1321 310 1382 δέ’
361 1319 749 1396 abscindantur,
814 1324 902 1399 qui
934 1342 1027 1380 vss
1063 1324 1375 1381 conturbant
1401 1342 1420 1376 .·
1484 1321 1638 1398 Relp.
1682 1318 1843 1398 quod
1885 1317 1979 1378 hic

239 1402 402 1461 locus
443 1399 573 1478 plus
606 1399 823 1469 innuat,
871 1401 1047 1480 quam
1080 1402 1401 1461 abscindere
1434 1402 1510 1460 ab
1545 1399 1797 1469 ecclesia,
1859 1419 1978 1459 non

240 1496 458 1562 patet.'
508 1480 658 1537 Beza
699 1481 755 1540 in
813 1482 962 1539 hunc
1005 1483 1197 1540 locum
1250 1484 1350 1551 ait,
1407 1483 1668 1559 poffizmus
1723 1479 1865 1556 istud
1917 1481 1980 1538 de

239 1564 761 1623 excommunicatione
802 1562 1120 1638 stnzpliciter
1157 1563 1465 1642 intelligere,
1512 1561 1685 1641 qualis
1710 1563 1830 1639 fuit
1877 1560 1981 1620 illa

241 1644 500 1718 incestuosi
537 1642 819 1710 Corinthii,
868 1644 936 1703 55?
973 1644 1139 1720 plane
1168 1646 1371 1722 insania
1409 1643 1499 1718 est,
1547 1642 1709 1700 aliter
1734 1643 1979 1720 sentire;

242 1724 411 1785 noluit
454 1725 589 1781 enim
638 1745 715 1781 eos
757 1723 917 1783 aliter
962 1724 1189 1802 abscindi
1225 1724 1458 1793 Paulus,
1525 1743 1684 1803 quam
1721 1724 1822 1802 ipse
1863 1722 1983 1804 Hy-

242 1826 429 1864 menoeo
474 1804 541 1865 &2³
599 1804 813 1864 Phileto
839 1806 1069 1882 fecerat,
1137 1810 1225 1887 qui
1274 1805 1557 1884 blasphemi
1604 1817 1777 1875 erant,
1851 1803 1992 1885 quod

243 1900 364 1946 erat
404 1884 656 1944 tradendo
689 1907 766 1943 eos
808 1888 1043 1957 Satanae,
1109 1909 1210 1947 non
1258 1886 1606 1966 exscindendo,
1671 1898 1770 1946 aut
1817 1884 1986 1945 decol-

245 1966 627 2042 landocapita
675 1987 866 2028 eorum.
952 1967 1178 2027 Eodem
1239 1968 1418 2027 modo
1488 1965 1819 2049 responderi
1881 1986 1990 2047 po-

245 2047 354 2106 test
404 2045 500 2104 alii
546 2064 891 2125 argumento
941 2050 1016 2108 ab
1061 2051 1253 2127 Apoc.
1303 2047 1358 2107 ii.
1414 2067 1508 2108 20.
1553 2047 1822 2117 ἀεάιιὲὶο,
1899 2048 1991 2109 ubi

247 2128 591 2206 redarguitur
643 2128 910 2207 Thyatira
937 2129 1164 2205 ecclcfia,
1211 2130 1348 2209 quod
1366 2128 1674 2207 permistfflt
1714 2127 1986 2188 mulierem

250 2206 466 2287 Jesabel
498 2232 514 2272 3
559 2207 717 2286 quod
744 2208 907 2267 aliter
936 2209 1179 2289 intelligi
1209 2231 1323 2270 non
1366 2210 1575 2289 potest,
1624 2208 1801 2287 quarn
1831 2210 1992 2288 quod

251 2310 370 2350 non
412 2290 1043 2350 excommunicaverint
1094 2312 1224 2350 earn
1286 2289 1656 2350 ecclesiastica
1714 2290 1988 2350 censura:

252 2369 413 2449 quod
454 2368 605 2426 enim
655 2371 943 2448 exscindere
989 2372 1063 2430 ad
1103 2391 1307 2451 poenas
1353 2371 1688 2451 corporales
1715 2390 1831 2430 non
1861 2392 1992 2451 per-

255 2453 452 2520 tineat,
498 2465 678 2528 patet,
707 2451 842 2530 quia
866 2452 1225 2512 manifestum
1257 2453 1358 2524 est,
1393 2452 1498 2512 illo
1528 2467 1794 2531 tempore
1825 2453 1996 2512 Chri-

256 2531 468 2591 stianos
512 2550 627 2590 non
674 2531 924 2592 habuiffe
962 2528 1374 2593 authoritatem
1416 2534 1487 2593 ad
1530 2533 1831 2593 haereticos
1869 2533 1996 2613 gla-

256 2613 357 2671 dio
396 2610 736 2691 puniend05‚
811 2612 948 2673 licet
994 2615 1303 2675 voluiffent
1337 2613 1417 2674 ita
1465 2634 1654 2694 agere.
1740 2615 1994 2696 Qarto‚

258 2694 456 2764 dicunt,
505 2692 741 2751 haerefin
777 2693 925 2753 inter
953 2715 1132 2775 opera
1177 2696 1358 2756 carnis
1386 2694 1824 2766 numerandam,
1859 2694 1995 2755 Gal.

257 2794 316 2832 v.
375 2794 465 2852 19.
551 2774 680 2842 Sed,
750 2775 911 2854 quod
957 2777 1323 2856 magistratus
1365 2777 1540 2836 habet
1586 2775 2026 2843 authoritatem-

259 2854 456 2915 omnia
523 2854 705 2914 carnis
743 2876 922 2935 opera
963 2858 1254 2937 puniendi,
1300 2870 1540 2938 negatur,
1587 2877 1770 2940 neque
1810 2857 1999 2917 adhuc

262 2938 579 3016 probatum
621 2934 753 3001 est;
819 2957 991 2995 omne
1032 2939 1256 2999 malum
1311 2941 1392 2998 est
1434 2936 1614 2998 carnis
1663 2949 1831 3021 opuS,
1902 2935 1999 2997 sed

263 3037 435 3077 omne
468 3016 689 3074 malum
727 3016 828 3076 sub
873 3018 1238 3097 magistratus
1269 3018 1728 3097 jurisdictionem
1756 3039 1872 3080 non
1897 3034 2000 3075 ve-

264 3095 366 3156 nit.
453 3097 668 3157 Nonne
712 3098 1029 3178 hypocrisis
1088 3099 1169 3158 est
1217 3121 1363 3180 opus
1406 3099 1641 3159 carnis?
1699 3100 1761 3159 δε
1804 3113 1997 3157 tamen

264 3174 517 3238 fatentur
556 3176 877 3249 adversarii,
924 3180 1329 3259 magistratum
1366 3201 1494 3241 eam
1527 3180 1731 3259 punire
1754 3196 1869 3237 non
1897 3174 1998 3234 de-

269 3255 422 3334 bere.
507 3257 723 3319 Nonne
791 3259 966 3321 etiam
1028 3261 1114 3322 ira
1161 3260 1222 3322 &
1278 3262 1482 3323 odium
1527 3261 1590 3320 &
1646 3255 1855 3319 invidia
1917 3255 1998 3315 ibi

1698 3350 1993 3407 notantur,
