2086 3640
251 88 415 155 xviii:
579 92 979 152 THESES
1042 39 1781 156 rHEoLoolcAE.

255 219 408 271 rum,
455 199 554 280 qui
602 199 774 260 lumen
815 200 1073 261 naturale
1131 200 1428 267 exaltant3
1499 222 1602 261 nec
1656 222 1772 262 non
1829 201 1983 263 Pon:

250 281 593 351 tificiorum,
659 301 726 341 ac
764 281 1155 362 complurium
1200 283 1671 354 Protestantium,
1744 282 1843 363 qui
1889 284 1974 342 af-

249 364 507 432 firmant,
551 362 708 441 poffe
731 362 1046 434 hominem,
1091 363 1300 443 absque
1326 365 1460 424 verit
1485 365 1594 424 Dei
1613 365 1818 444 gratia,
1863 365 1971 424 esse

250 442 557 523 Evangelii
606 442 953 515 ministrum,
1017 445 1080 503 ὅτ
1124 445 1421 506 animabus
1468 446 1742 526 prodeffe.
1829 445 1971 506 Non

245 539 443 587 tamen
485 523 594 582 hoc
622 523 808 584 semen
846 525 1153 588 infantibus
1193 525 1534 607 imputatur,
1597 525 1701 587 nisi
1740 524 1974 604 quando

241 605 543 668 astualiter
592 603 644 663 ei
687 605 794 666 sese
832 607 1122 688 peccando
1170 607 1567 688 conjungant3
1613 629 1740 668 nam
1779 609 1820 667 ii
1841 607 1973 683 sunt

242 686 452 747 natura
465 684 584 760 filii
597 687 714 757 iroe,
759 693 852 768 qui
865 690 1142 750 ambulant
1163 690 1449 766 ficundum
1459 692 1753 768 principem
1794 690 1964 756 afris,

242 767 316 827 {0⁹
328 768 582 844 spiritum
601 776 832 851 agentem
876 774 935 831 in
955 772 1246 832 hominibus
1262 771 1665 842 contumacibus,
1730 772 1819 851 qui
1853 789 1971 828 con·

243 850 528 927 versantur
571 853 627 913 in
647 851 1016 929 cupiditatibus
1049 855 1249 924 carnis,
1280 854 1539 932 facientes
1566 872 1682 932 quoe
1725 852 1970 911 carniae

240 932 627 1013 cogitationibus
648 931 826 996 libent.
872 934 1024 1014 Eph.
1070 934 1127 994 ii.

461 1107 1019 1182 THE-515
1109 1108 1743 1199 QUINTA.

237 1268 329 1335 De
354 1266 651 1346 universali
670 1267 1016 1348 redemptione
1059 1268 1281 1345 Christi,
1326 1266 1394 1330 δ’
1408 1262 1689 1346 salutifero
1727 1282 1820 1324 nec
1864 1287 1966 1329 non

364 1349 777 1437 supernaturali
797 1350 1012 1422 lumine,
1058 1369 1464 1431 unumquemque
1491 1347 1840 1407 illuminante.

455 1486 560 1548 US
614 1505 686 1545 ex
715 1484 933 1545 infiniti
951 1485 1044 1546 su&
1061 1485 1340 1556 bonitate,
1386 1481 1618 1563 quinon
1648 1480 1968 1543 delcetatur

438 1582 628 1628 morte
643 1567 919 1646 improbi,
942 1567 1034 1627 sed
1049 1583 1115 1626 ut
1135 1586 1332 1625 omnes
1351 1564 1551 1623 vivant
1570 1564 1632 1622 &
1651 1565 1966 1634 serventur,

238 1648 335 1704 lta
355 1646 539 1710 dilexit
560 1648 832 1719 mundum,
877 1662 938 1708 ut
979 1649 1164 1723 filium
1198 1650 1354 1726 suum
1371 1649 1712 1726 unigenitum,
1758 1648 1968 1707 Lumen
2034 1674 2040 1679 ·

240 1726 443 1788 dederit
467 1754 486 1796 ·,
531 1745 611 1802 ut,
658 1731 880 1811 quisquis
916 1728 1098 1789 credat
1114 1732 1169 1788 in
1196 1750 1334 1798 eum,
1362 1728 1647 1798 servetur:
1719 1731 1809 1807 qui
1836 1726 1969 1786 illu-

238 1811 473 1869 minavit
491 1834 688 1872 omnem
706 1812 959 1870 hominem
973 1814 1264 1872 venientem
1292 1812 1347 1869 in
1369 1807 1640 1878 mundum,
1702 1809 1772 1871 δέ
1791 1811 1969 1869 omnia

238 1891 625 1969 vituperabilia
647 1893 970 1970 manifstat,
1015 1892 1252 1972 docetque
1276 1892 1472 1950 omnem
1498 1889 1787 1974 justitiam,
1834 1903 1963 1949 tem-

234 1976 544 2048 perantiam
573 1974 643 2036 ὃ
657 1978 925 2053 pietatem.
1010 1974 1212 2051 Atque
1255 1972 1366 2030 hoc
1393 1971 1586 2031 lumen
1607 1968 1808 2030 illucet
1835 1990 1965 2030 cor-

237 2051 407 2113 dibus
423 2055 690 2114 omnium
711 2074 822 2134 pro
849 2070 1137 2133 tempore,
1182 2053 1240 2113 in
1268 2051 1467 2112 ordine
1495 2051 1569 2111 ad
1588 2049 1830 2111 salutem
1856 2076 1875 2118 ς
1898 2052 1960 2112 δε

239 2132 352 2193 hoc
372 2134 476 2208 est,
520 2135 679 2216 quod
699 2135 995 2216 redarguit
1013 2148 1315 2215 peccatum
1343 2132 1608 2193 omnium
1643 2131 1965 2194 individuo-

240 2233 397 2286 rum,
461 2216 851 2296 perfefturum
899 2215 1163 2277 omnium
1202 2215 1460 2285 salutem,
1521 2215 1581 2274 ni
1616 2213 1910 2276 obstarent
1942 2239 1962 2283 ;

239 2315 343 2356 nec
372 2296 559 2357 minus
586 2298 896 2360 universale
915 2298 1019 2369 est,
1064 2317 1240 2378 quam
1277 2297 1465 2356 semen
1495 2294 1717 2376 peccati
1741 2320 1760 2363 ;
1826 2297 1964 2376 Ejus

237 2381 378 2438 enim
399 2383 578 2439 mortis
596 2381 894 2456 beneficium
921 2382 1014 2455 est,
1060 2382 1149 2460 qui
1173 2396 1279 2458 pro
1295 2379 1529 2440 omnibus
1547 2390 1761 2438 mortem
1781 2380 1965 2461 gusta-

240 2462 327 2518 vit
345 2481 365 2516 :
391 2462 535 2536 stcut
580 2465 720 2521 enim
760 2464 815 2521 in
844 2462 1055 2521 Adamo
1090 2482 1261 2523 omnes
1308 2462 1633 2532 moriuntur,
1699 2461 1780 2520 ita
1806 2459 1877 2523 ἔθ’
1905 2462 1964 2520 in

241 2539 451 2616 Christo
470 2563 642 2604 omnes
669 2543 1113 2620 vivificabuntur.

542 2704 1091 2792 THESIS
1179 2717 1766 2790 SEXTAf

241 2860 652 3021 SEcundum
690 2881 866 2942 quam
921 2862 1267 2944 hypothesin
1332 2882 1534 2923 omnes
1592 2859 1963 2941 objeffioneS,

233 2958 237 2959 ’
381 2959 583 3004 contra
621 2944 823 3004 mortis
865 2943 1077 3004 Christi
1105 2943 1607 3015 universalitatem,
1651 2942 1818 3003 facile
1852 2943 1966 3003 sol-

239 3039 493 3092 vuntur3
538 3044 640 3084 nec
661 3044 804 3104 opus
823 3024 904 3085 est
926 3045 1216 3086 recurrere
1251 3025 1323 3086 ad
1339 3024 1715 3086 ministerium
1753 3024 1958 3104 Ange-

239 3105 458 3175 lorum,
503 3107 846 3186 caeterosque
872 3106 1230 3187 prodigiosos
1274 3107 1411 3166 illos
1465 3106 1693 3178 modos,
1793 3106 1964 3165 uibus

239 3185 402 3246 aiunt
418 3187 607 3247 Deum
626 3188 710 3246 uti
727 3187 800 3247 ad
815 3184 1281 3249 manifestandam
1302 3188 1642 3257 dostrinam,
1701 3184 1764 3244 &
1826 3183 1961 3246 isto-

243 3267 390 3327 riam
408 3266 670 3346 passionis
693 3268 922 3340 Christi,
946 3262 1009 3327 iis
1036 3269 1118 3345 (in
1148 3269 1261 3330 illis
1287 3271 1443 3331 orbis
1465 3289 1535 3329 an
1581 3264 1709 3339 ulis,
1732 3264 1832 3327 ubi
1859 3286 1963 3334 ex-

240 3363 403 3411 terna
442 3347 746 3431 Evangelii
784 3349 1120 3432 praedicatio
1157 3350 1361 3432 ignota
1399 3349 1502 3425 est,
1586 3347 1968 3437 abitantibus)

1868 3447 1971 3506 qui
