2086 3640
215 82 338 155 ¹‘408
468 76 855 138 THESIS
923 71 1372 134 DECIMA
1411 69 1829 132 TERTIA.

226 190 398 249 beant
441 189 508 247 ab
538 185 852 262 impositione
893 199 1167 249 manuum,
1214 177 1324 258 qu&
1352 176 1425 235 ad
1455 176 1833 243 imitationem
1865 182 1957 241 A·
2034 197 2037 200 ·

268 268 587 327 ostolorum
607 279 869 334 utuntur,
915 282 1046 322 cum
1085 261 1221 322 dona
1233 260 1412 339 santii
1430 258 1661 336 Spiritzis
1686 280 1802 320 non
1822 261 1955 321 inde

222 289 543 428 {quantun

309 430 414 488 IX.
463 429 628 487 CUM
675 425 852 505 igitur
893 423 1263 492 inveniamuS,
1328 420 1652 480 secundum.
1679 421 1954 503 pleraque

225 510 542 587 Scripmrae
575 502 927 577 testimonia,
973 505 1106 565 tales
1148 508 1281 563 ritus
1322 515 1554 563 externos
1576 523 1676 562 non
1705 503 1798 582 effi·
1814 521 1955 582 par-

226 604 328 649 tem
377 589 549 648 ullam
586 587 921 667 neccffariam
963 589 1089 646 novi
1109 585 1335 664 jaderis
1373 583 1779 663 dispensationis,
1848 585 1956 645 ide-

220 692 349 749 oque
392 673 695 730 continuari
735 691 835 730 non
879 669 1205 748 neceffizriog
1246 665 1379 724 licet
1400 686 1510 744 pro
1540 680 1804 744 tempore
1830 667 1956 746 qui-

222 751 359 811 dam
398 751 543 810 olim
584 750 657 813 iis„
696 749 779 810 us1
825 746 1053 819 fuerint,
1100 769 1171 807 ex
1212 745 1275 804 iis
1305 745 1639 805 testimoniis
1680 747 1955 827 quaedam

222 832 528 901 adducam,
575 832 636 891 &
677 831 827 903 inde,
876 833 904 891 ἒ
960 830 1163 888 natura
1208 831 1288 887 rei
1336 840 1450 885 no'n
1494 827 1702 898 minim,
1775 827 1950 907 quhm

223 934 288 973 ex
338 913 450 972 illis
504 915 819 988 testimoniis,
866 910 1110 990 patebit,
1155 911 1494 969 ceremoniam
1539 909 1677 969 hanc
1702 912 1863 986 panis
1886 911 1956 971 δᾶ

224 997 347 1053 vini
383 995 599 1072 ceffaffe,
648 997 790 1054 ficut
829 993 940 1052 alia
991 991 1114 1062 illa,
1181 1011 1313 1072 quae
1355 989 1606 1049 fatentur
1652 990 1956 1050 adversarii

224 1095 340 1134 non
388 1075 697 1134 necessarie>
741 1093 1096 1154 permanere.
1183 1072 1450 1132 Primum
1480 1070 1582 1140 est,
1629 1071 1806 1130 Rom.
1837 1071 1952 1131 xiv.

231 1173 324 1232 17.
370 1155 497 1216 Non
538 1158 609 1230 est
650 1177 869 1237 regnum
906 1156 1015 1214 Dei
1051 1155 1159 1232 esca
1209 1152 1278 1213 Es?
1307 1166 1482 1231 potus,
1514 1153 1615 1231 sed
1644 1154 1856 1232 justitia
1883 1153 1957 1215 ἔθ’

212 1251 333 1315 pax
370 1237 440 1298 δέ
474 1237 729 1320 gaudium
762 1240 818 1295 in
859 1238 1062 1314 Spiritu
1090 1237 1291 1314 santio.
1378 1235 1521 1292 Hoc
1551 1234 1684 1292 loco
1724 1234 1957 1294 abunde

222 1317 479 1376 declarat
542 1318 884 1398 Apostolus,
951 1338 1166 1397 regnum
1229 1316 1356 1386 Dei,
1428 1315 1522 1373 seu
1566 1315 1954 1394 Evangelium

225 1397 461 1468 Christi,
509 1418 623 1458 non
674 1402 730 1457 in
767 1399 891 1456 cibis
934 1398 1002 1457 ἑά
1027 1395 1314 1474 potibus&
1354 1394 1411 1452 id
1441 1415 1619 1473 genus
1660 1395 1780 1454 aliis
1817 1417 1957 1456 con·
2042 1462 2045 1463 ⁷

224 1477 432 1548 sistere,
477 1479 571 1538 sed
618 1483 673 1538 in
707 1478 943 1557 justitici,
990 1492 1056 1535 ut
1092 1497 1163 1535 ex
1213 1490 1484 1534 contextu
1515 1488 1693 1553 patet,
1740 1477 1839 1534 ubi
1869 1477 1957 1535 lo-

225 1559 423 1637 quitur
470 1560 535 1618 de
591 1559 833 1638 periculo
876 1559 944 1619 δέ
989 1570 1143 1617 reatu
1199 1577 1396 1624 eorum,
1472 1554 1571 1634 qui
1612 1555 1665 1613 se
1711 1555 1959 1616 invicem

225 1639 615 1700 condemnant
640 1653 864 1719 propter
902 1640 1067 1718 escam
1113 1650 1209 1698 aut
1237 1650 1438 1714 potum.
1523 1635 1581 1694 Si
1610 1650 1800 1696 autem
1825 1657 1957 1718 reg-

223 1739 363 1783 num
413 1721 524 1781 Dei
563 1722 620 1781 in
659 1721 870 1782 talibus
926 1741 1042 1779 non
1085 1718 1372 1787 confistat,
1444 1737 1629 1797 neque
1683 1717 1960 1798 Evange-

227 1801 398 1870 lium,
446 1823 549 1862 nec
590 1823 738 1884 opus
779 1800 989 1862 Christi
1017 1800 1073 1859 in
1105 1799 1169 1858 iis
1198 1800 1326 1870 stet,
1372 1813 1509 1859 tunc
1538 1799 1706 1860 edere
1748 1819 1958 1879 panem

225 1882 284 1941 &c
336 1883 535 1943 bibere
583 1885 783 1943 vinum
822 1903 941 1943 non
985 1881 1174 1963 potest
1216 1880 1516 1941 necessaria
1559 1873 1658 1940 illa
1705 1883 1814 1940 effe
1837 1882 1959 1941 cul·
2059 1902 2086 1936 ⁴.

223 1966 318 2023 tiis
361 1965 700 2044 Evangelici
743 1963 894 2044 pam,
941 1985 1122 2043 neque
1143 1977 1487 2042 perpetuum
1511 1961 1628 2040 ejus
1658 1961 1954 2023 statutum.
2053 1993 2059 2000 ·

225 2045 413 2104 Aliud
463 2045 651 2104 adhuc
707 2044 1047 2104 luculentius
1099 2044 1179 2102 est
1240 2041 1490 2120 ejusdem
1554 2043 1828 2122 Apostoli
1883 2045 1958 2103 ad

227 2126 359 2184 Col.
394 2125 449 2184 ii.
494 2146 598 2204 per
637 2127 927 2205 integrum
967 2126 1077 2183 hoc
1117 2142 1290 2203 caput
1330 2140 1435 2200 pro
1465 2124 1733 2201 fiententia‘*
1773 2126 1956 2201 nostrii
2056 2123 2058 2126 ’

222 2206 430 2266 diserte
492 2207 786 2267 contendit
845 2205 1168 2285 Apostolus
1226 2221 1426 2264 contra
1495 2204 1956 2266 adversariorum
2060 2226 2067 2235 ·

224 2287 553 2346 nostrorum
570 2288 959 2369 formalitatem
982 2288 1051 2348 δέ
1065 2287 1512 2365 superstitionem:
1554 2287 1771 2346 namin
1799 2287 1959 2367 prin-

224 2367 380 2448 cipio
427 2369 668 2448 exponit
703 2389 913 2448 magna
951 2366 1276 2448 privilegia,
1348 2387 1478 2446 quae
1517 2367 1820 2428 Christiani
1856 2367 1958 2429 ha-

227 2451 365 2511 bent
406 2470 509 2529 per
567 2450 883 2521 Christum,
929 2449 1029 2529 qui
1057 2447 1258 2507 'reverit
1311 2448 1386 2507 acl
1426 2451 1599 2510 vitam
1638 2449 1956 2526 Christiani-

223 2534 351 2591 tatis
386 2531 684 2600 advenere‚
730 2531 975 2609 ideoque
1023 2530 1290 2589 hortatur
1330 2550 1447 2600 e05‚
1492 2532 1657 2596 versu
1701 2531 1753 2590 6.
1785 2545 1844 2592 ut
1871 2534 1957 2610 st·-

224 2615 333 2672 cuti
374 2626 680 2690 acceperunt
736 2612 1007 2688 Christum
1047 2613 1358 2682 Dominum,
1406 2615 1486 2670 ita
1534 2612 1872 2674 ambularent
1898 2617 1956 2673 in

227 2692 337 2763 illo,
383 2707 646 2764 caventes,
693 2715 756 2753 ne
795 2694 1154 2770 deciperentur
1186 2709 1291 2770 per
1322 2692 1701 2771 philosophiam
1744 2695 1813 2756 {9²
1870 2697 1956 2754 in-

228 2795 380 2835 anem
412 2774 706 2855 fallaciam
732 2775 1017 2854 secundum
1063 2774 1400 2834 traditionem
1446 2775 1719 2835 hominum
1759 2776 1830 2838 δέ)
1849 2775 1953 2836 ele·-
2004 2781 2015 2855 ’Δ

225 2868 404 2915 menta
450 2856 650 2926 mundi,
696 2858 822 2936 quia
857 2859 912 2917 in
951 2856 1180 2932 Christo,
1225 2877 1374 2935 quem
1421 2870 1745 2933 acceperunt,
1791 2859 1973 2917 omnis'

218 2936 492 3015 plenitudo
532 2939 815 2998 inhabitat.
903 2938 982 2996 Et
1021 2937 1158 3019 quod
1184 2938 1467 3014 circumcifi
1493 2940 1610 3014 fint
1640 2933 1954 3010 'circum-sist-

226 3038 321 3077 one
365 3039 466 3079 non
521 3039 682 3079 manu
714 3019 902 3098 fabia,
949 3040 1107 3097 quam
1128 3019 1328 3094 Christi
1347 3021 1746 3096 cicumcisionem
1771 3029 1968 3086 vocat,‘

227 3098 300 3156 ὅ)
347 3100 621 3178 consbpulti
644 3099 762 3176 sint
809 3099 1016 3174 Christo
1058 3102 1114 3158 in
1143 3101 1409 3177 baptismo,
1456 3103 1512 3158 in
1552 3122 1650 3180 quo
1676 3102 1946 3178 refiirrex-

223 3190 380 3235 erant
434 3197 538 3255 per
583 3181 750 3255 fidem
802 3183 1117 3258 operationis
1162 3181 1285 3240 Dei.
1369 3180 1496 3240 Hic
1553 3181 1725 3239 etiam
1755 3175 1946 3256 >parti-

225 3258 501 3339 cipabant
544 3261 608 3320 de
653 3283 780 3323 vero
819 3262 1022 3339 Christi
1061 3262 1329 3340 baptismo,
1376 3261 1440 3320 &
1471 3262 1609 3320 chrn
1643 3258 1783 3320 tales
1813 3256 1942 3326 fine,

1846 3336 1943 3418 qui
