2086 3640
268 95 352 154 94
460 71 838 133 THESJS
877 70 1299 151 QUINTA
1333 73 1403 136 o>
1446 76 1797 138 SEXTA.

260 180 665 264 postulationes
706 176 820 236 illae
858 177 939 237 ita
993 176 1272 249 ardentm,
1337 179 1711 258 querimoniae
1758 181 1876 242 illae
1922 205 1983 245 a-

265 262 550 330 cerrimae‚
616 258 823 339 quibus
867 258 1039 318 sacrae
1081 257 1260 318 literae
1297 259 1560 321 scatent?
1646 261 1837 322 No'nne
1852 279 1982 339 per-

265 344 390 403 ditio
426 342 608 417 vestra
642 361 706 400 ex
745 339 1112 418 vobismetipsis
1151 345 1226 400 eft
1248 341 1277 396 ἒ
1338 339 1474 401 Τόῑᾶ
1523 344 1606 402 die
1643 346 1841 402 vocavi
1867 363 1980 404 vos.

261 423 342 491 Si,
386 420 486 500 qui
514 421 624 480 hoe
664 417 845 482 modo
886 418 1198 481 invitantur
1233 420 1295 480 ὅτ
1338 441 1403 480 ro
1449 440 1636 495 antur,
1723 425 1779 483 in
1823 425 1981 490 null-:1

261 501 453 562 salutis
492 502 862 582 possibilitate
900 501 1071 583 pofiti
1107 501 1254 581 fint,
1298 501 1360 560 &
1401 443 1446 561 ἕ
1495 505 1638 564 salus
1667 503 1731 563 iis
1772 504 1983 585 impos-

264 581 439 643 fibilis
489 583 579 656 fit,
645 604 718 643 an
761 585 886 644 ,hoc
921 603 1035 644 non
1083 583 1163 644 est
1233 582 1451 663 fingere
1517 586 1710 646 Deum
1773 585 1831 644 in
1873 585 1987 647 hoc

262 665 502 743 negotio
556 664 771 726 fabulae
826 665 1083 726 authoris
1159 663 1422 736 similem,
1515 666 1609 726 vel
1677 667 1985 729 comoediae

261 744 543 826 magistri,
607 745 706 827 qui
746 747 933 808 varios
972 747 1358 826 speetatorum
1400 745 1636 806 affeetus
1672 747 1735 806 δε
1771 749 1983 826 paffio-

220 839 224 843 '
262 846 358 885 nes
404 844 622 898 movet,
661 827 746 901 Ιδῑ
785 827 1003 889 diverse
1045 826 1250 908 agitat,
1319 826 1490 886 variis
1544 828 1607 886 &
1662 828 1985 888 multifariis

262 907 503 981 cafibuS,
576 910 718 970 dum
765 909 1073 990 aliquando
1119 908 1212 988 spe
1253 908 1460 979 elevat,
1545 908 1852 989 aliquando
1888 909 1986 968 de-

262 989 583 1069 speratione
622 990 914 1071 deprimit,
980 1012 1114 1051 cum
1165 988 1394 1048 interim
1436 989 1661 1050 realiter
1710 1010 1867 1051 mera
1919 990 1987 1050 il-

261 1070 408 1130 lufio
447 1072 550 1144 est,
614 1073 875 1133 omnium
942 1071 1096 1133 enim
1158 1069 1585 1130 conclufionem
1638 1069 1764 1149 jam
1834 1070 1990 1133 certe}

262 1153 698 1231 praeordinavit.

346 1234 682 1308 TERTIO,
747 1234 1010 1296 doctrina
1058 1235 1184 1296 haec
1232 1233 1459 1295 abunde
1497 1230 1880 1292 confirmatur
1916 1231 1985 1292 il-

263 1313 325 1373 lo
368 1316 645 1396 Apostoli
696 1317 994 1395 JohanniS,
1051 1340 1072 1376 1
1105 1317 1238 1395 Joh.
1272 1316 1326 1374 ii.
1368 1338 1420 1386 1,
1451 1334 1504 1373 2.
1568 1314 1627 1372 Si
1667 1316 1780 1394 quis
1799 1315 1991 1391 peccd-

263 1399 358 1465 rit,
425 1396 762 1457 Advocatum
807 1398 953 1475 apud
986 1399 1209 1457 Patrem
1258 1398 1504 1456 habemus
1565 1396 1750 1473 Jefitm
1807 1395 1989 1474 Chrisl

262 1489 375 1535 tum
401 1480 623 1560 justum,
690 1479 759 1539 69⁹
809 1481 911 1556 ipse
962 1480 1033 1554 est
1072 1481 1383 1556 propitiatio
1412 1494 1518 1555 pro
1573 1478 1802 1554 peccatis
1873 1479 1986 1556 nos-

259 1559 384 1629 tris,
459 1580 549 1619 nec
577 1576 681 1637 pro
728 1559 915 1636 nostris
936 1559 1132 1638 solum,
1163 1559 1262 1638 fi’d
1285 1563 1443 1617 etiam
1471 1574 1573 1635 pro
1613 1560 1768 1616 totius
1805 1558 1990 1617 mundi

255 1644 498 1717 peccatis.
584 1641 728 1701 Hoc
760 1639 1147 1700 testimonium
1188 1638 1490 1699 adversarii
1515 1636 1856 1717 ineptissime
1872 1637 1989 1714 evi-

264 1737 387 1781 tare
430 1738 752 1790 conantur;
813 1721 1035 1782 mundus
1071 1722 1182 1781 hoe
1231 1720 1387 1790 Ιοεο,
1453 1719 1632 1790 aiunt,
1702 1717 1784 1778 est
1825 1738 1993 1778 mun-

262 1803 368 1862 dus
410 1803 694 1875 fidelium,
761 1802 875 1862 five
909 1803 1254 1863 sanetorum.
1339 1801 1453 1861 Sed
1479 1795 1780 1860 ostendant
1827 1799 1990 1872 mihi,

265 1883 310 1944 fi
352 1887 586 1965 poffint,
679 1885 734 1944 in
792 1884 912 1945 tota
977 1883 1295 1964 Scriptura,
1374 1882 1478 1943 ubi
1525 1896 1682 1941 totus
1746 1881 1996 1942 mundus

265 1985 378 2045 pro
439 1966 573 2026 solis
614 1966 880 2034 fidelibus
923 1967 1270 2046 usurpatum
1340 1985 1455 2044 ego
1513 1961 1855 2034 ostendam,
1893 1962 1994 2024 ubi

265 2067 374 2128 pro
442 2048 733 2108 contrario
788 2045 1234 2128 frequentiffime
1289 2045 1553 2116 sumitur,
1617 2059 1706 2115 ut,
1771 2044 1994 2105 mundus

266 2151 348 2188 me
394 2151 494 2190 non
536 2133 687 2190 novit
713 2152 732 2188 .·
795 2130 1015 2191 mundus
1051 2151 1131 2189 me
1176 2149 1277 2189 non
1325 2130 1512 2206 recipit
1537 2148 1557 2184 .·
1599 2147 1663 2186 ex
1705 2125 1797 2185 hoc
1837 2146 1994 2185 mun-

266 2211 329 2270 do
364 2233 465 2272 non
491 2204 628 2290 stim.
696 2211 981 2271 Praeterea
1034 2213 1161 2271 loca
1210 2209 1308 2270 illa
1372 2206 1757 2289 inspiciantur,
1842 2207 1991 2268 Psal.

267 2293 403 2353 xvii.
437 2315 526 2368 14.
572 2293 672 2352 Isa.
702 2291 819 2352 xiii.
853 2315 874 2352 1
895 2315 944 2356 1.
990 2292 1210 2355 Matth.
1242 2289 1360 2351 xvi.
1394 2290 1488 2349 26.
1532 2287 1690 2349 xviii.
1729 2304 1820 2367 17.
1852 2287 1989 2367 Joh.

266 2374 362 2434 vii.
398 2392 451 2452 7.
496 2373 613 2433 viii.
647 2374 740 2433 26.
784 2374 882 2433 xii.
916 2395 1005 2453 19.
1051 2374 1166 2435 xiv.
1200 2391 1291 2452 17.
1334 2392 1431 2432 xv.
1465 2373 1560 2443 18,
1594 2390 1683 2450 19.
1726 2367 1863 2430 xvii.
1897 2391 1990 2446 14.
2065 2421 2073 2425 -

266 2455 424 2515 xviii.
461 2475 554 2515 20.
608 2477 630 2515 1
658 2457 796 2514 Cor.
827 2455 862 2513 i.
899 2475 993 2515 21.
1041 2455 1096 2514 ii.
1136 2475 1226 2515 12.
1270 2453 1348 2514 vi.
1383 2473 1437 2512 2.
1508 2451 1584 2512 ad
1633 2449 1764 2510 Gal.
1787 2449 1864 2509 vi.
1898 2471 1990 2526 14.
2067 2463 2069 2466 ⁴

267 2536 392 2615 JaC.
413 2537 448 2596 i.
483 2554 576 2614 27.
626 2537 804 2598 2Pet.
831 2536 887 2595 ii.
915 2555 1008 2596 20.
1063 2559 1084 2596 1
1117 2535 1252 2614 Joh.
1273 2535 1328 2593 ii.
1370 2552 1458 2610 15.
1505 2532 1580 2592 iii.
1614 2553 1662 2592 1.
1707 2531 1781 2590 iv.
1812 2552 1875 2605 4,
1930 2549 1986 2607 5.
2060 2534 2065 2559 ¹

266 2639 321 2678 v.
366 2640 453 2697 19.
497 2620 558 2677 δε
595 2639 769 2699 quam
811 2617 1063 2698 plurima
1104 2616 1231 2676 alia.
1317 2614 1540 2674 Deinde
1582 2611 1903 2694 Apostolus
1932 2612 1992 2672 in

267 2696 379 2758 hoe
427 2700 546 2780 ipso
593 2699 725 2759 loco
761 2697 1256 2778 contradistinguit
1311 2693 1644 2756 mundum&
1697 2691 1988 2767 fidelibus,

267 2801 370 2839 nec
402 2798 505 2860 pro
535 2783 718 2856 nostris
743 2779 936 2860 solum,
982 2779 1073 2839 sed
1119 2782 1277 2840 etiam
1317 2794 1415 2856 pro
1465 2778 1618 2837 totius
1661 2775 1844 2836 mundi
1864 2785 1989 2853 pec-

266 2865 413 2922 catis.
480 2863 644 2946 Qid
685 2863 788 2922 fibi
834 2862 963 2922 vult
1005 2860 1322 2942 Apostolus
1364 2879 1468 2939 per
1510 2858 1635 2918 haec
1680 2857 1858 2918 verba
1881 2871 1989 2934 pro

267 2944 503 3019 nostris?
569 2945 765 3004 haecne
802 2943 929 3002 sunt
978 2958 1214 3023 peccata
1273 2939 1586 3000 fidelium?
1655 2957 1839 2998 nonne
1889 2933 1988 2994 ine

268 3046 339 3083 ex
379 3025 490 3084 istis
541 3025 803 3086 fidelibus
838 3023 991 3086 fuit?
1057 3024 1119 3083 &
1163 3021 1342 3083 fuitne
1379 3022 1503 3081 haec
1523 3017 1758 3100 epistola
1786 3013 1985 3076 catho-

269 3105 377 3164 lica
443 3106 730 3178 omnibus,
811 3106 908 3185 qui
965 3123 1101 3165 tunc
1149 3119 1330 3176 erant,
1396 3102 1659 3165 fidelibus
1732 3095 1983 3176 scripta?

268 3185 595 3249 Secundum
642 3188 781 3247 vero
848 3187 1056 3247 horum
1103 3184 1583 3246 commentarium
1619 3177 1898 3259 superflua
1925 3176 1990 3235 δε

269 3265 478 3331 inutilis
526 3268 844 3335 admodum
887 3265 1260 3332 redundantia
1299 3265 1409 3354 erit
1445 3263 1504 3329 in
1543 3258 1818 3347 Apostoli
1857 3277 1989 3405 vebrj

1162 3355 1167 3359 ’
1951 3354 2001 3400 18
