2086 3640
375 78 785 170 De‘·Ministr2·s
814 88 884 153 &
926 89 1234 169 Pastorihus
1268 85 1533 174 Ecclesiae:
1699 114 1816 174 245

80 209 252 276 parta
292 200 433 258 tueri
462 222 483 265 ·,
528 195 857 258 immediata
899 195 1054 255 enim
1090 197 1196 257 hac
1231 197 1537 258 &interna
1575 197 1825 279 Spiritus

53 286 55 288 ’
89 278 425 359 operatione
471 282 614 359 (quo
655 276 944 359 pollicitus
982 276 1064 336 est
1104 279 1383 352 Christus,
1443 280 1602 360 quod
1629 281 1834 340 vellet

31 373 33 375 ·
86 359 296 418 ducere
315 360 442 419 suos
484 360 540 419 in
570 359 837 420 omnibus
877 357 939 416 δε
974 358 1179 419 docere
1208 380 1304 420 eos
1332 361 1554 440 omnia)
1584 362 1828 422 Christi—-

86 439 179 499 ani
228 441 475 500 ducendi
503 440 631 501 sunt
668 439 725 499 in
773 437 1043 499 omnibus
1091 443 1174 516 (δε
1210 442 1267 499 in
1295 442 1576 526 principio
1600 443 1667 502 82:>
1686 443 1828 523 fine)

85 540 220 599 quae
248 521 322 581 ad
343 521 453 581 Dei
473 519 806 601 gloriam&
834 519 1160 580 animarum
1189 521 1679 584 suarumsalutem
1696 545 1830 604 per-

86 601 287 671 tinent,
334 601 477 661 ficut
517 600 680 662 antea
729 601 860 663 satis
900 602 1292 681 probavimus,
1379 603 1461 665 Et
1502 605 1655 664 certe
1700 606 1829 666 haec

86 681 168 739 est
208 682 423 743 diaboli
464 682 737 762 inventi0‚
783 682 893 762 qua
931 681 1206 761 persuasit
1233 683 1580 758 hominibus,
1624 702 1690 754 ut
1717 685 1829 746 im·-

89 761 402 822 mediatam
442 764 684 844 Spiritus
721 762 1141 844 operationem,
1185 763 1344 844 quast
1369 765 1527 844 'quid
1570 770 1833 827 extrao'rp⁴

84 842 373 904 dinarium
416 843 837 906 &inusitatum
860 843 1223 923 respicerent,
1269 847 1427 925 quod
1447 847 1686 926 quidem
1717 847 1829 907 Pa-

86 939 199 983 tres
242 925 585 999 habuerunt,
650 925 744 985 sed
782 923 867 984 illi
910 945 1062 984 nunc
1118 946 1222 985 nec
1283 927 1586 1007 expefimre
1640 929 1826 1000 illam,

83 1025 190 1064 nec
206 1006 498 1067 attendere
519 1008 752 1080 debent,
797 1026 929 1086 quae
957 1006 1039 1065 est
1066 1008 1362 1068 crescentis
1390 1007 1691 1088 apostafiae
1713 1028 1829 1068 non

84 1107 266 1165 parva
321 1087 548 1148 occasio
589 1089 644 1147 in
687 1087 1133 1168 quamplurimis
1156 1089 1519 1167 congregatis
1555 1089 1826 1159 ecclefii3‚

87 1168 150 1226 δε
177 1189 386 1248 magna
426 1171 662 1249 quidem
701 1169 863 1228 causa
893 1169 994 1238 est,
1040 1168 1200 1248 quod
1228 1169 1352 1229 tam
1373 1169 1620 1240 aridum,
1671 1189 1830 1231 mor.-

0 1317 1 1320 ,
83 1265 278 1319 tuum,
324 1249 537 1309 siccum
578 1250 639 1309 δε
684 1250 871 1310 sterile
906 1249 1304 1323 ministerium,
1369 1271 1486 1330 quo
1528 1251 1738 1331 populi
1766 1250 1829 1309 ea

86 1329 383 1390 sterilitate
418 1331 862 1403 fermentantur,
907 1331 1078 1391 hodie
1105 1331 1406 1411 tantopere
1433 1334 1710 1404 abundat,
1769 1332 1837 1390 δυ

85 1410 144 1472 in
199 1410 526 1472 nationibus
575 1413 750 1473 etiam
800 1411 1259 1474 Protestantibus
1312 1412 1676 1485 diffunditur,
1750 1414 1832 1473 ita

86 1507 153 1551 ut
191 1491 253 1550 &
301 1492 637 1572 praedicatio
674 1494 737 1553 &t
785 1494 974 1553 cultus
1019 1513 1248 1565 eorum,
1315 1494 1459 1553 ficut
1499 1495 1561 1553 δε
1603 1496 1830 1573 integra

87 1573 465 1644 conversatio,
529 1573 558 1631 ἐι
615 1574 922 1634 Pontifici&
965 1575 1064 1634 vix
1114 1574 1349 1633 discerni
1390 1578 1564 1654 poffit
1606 1577 1832 1635 interno

87 1652 282 1732 aliquo
310 1653 498 1712 vivaci
526 1654 676 1725 zelo,
721 1670 822 1715 aut
847 1655 1097 1734 Spiritus
1117 1654 1331 1714 virtute
1357 1675 1453 1714 eos
1483 1668 1820 1728 comitante,

87 1733 184 1793 sed
212 1733 369 1793 mere
410 1734 729 1795 differentia
776 1735 1135 1815 quarundam
1184 1736 1507 1808 notionum,
1569 1739 1629 1798 δε
1677 1753 1832 1798 cere-

89 1835 421 1876 momarum
463 1831 846 1877 externarum.
1538 1862 1540 1865 .

174 1895 312 1956 XII.
346 1898 752 1970 ALIQJANDO
802 1897 1191 1977 imprudentes
1232 1898 1465 1979 quidam
1514 1899 1576 1960 &
1618 1898 1832 1959 incauti

91 1975 478 2037 Protestantes
499 1979 662 2038 nobis
691 1980 955 2061 objiciunt,
1001 1981 1160 2060 quod
1179 1979 1628 2041 fiimmediatam
1657 2002 1833 2040 voca-

90 2057 311 2117 tionem
339 2059 727 2132 vendicemus,
773 2081 903 2119 eam
945 2061 1237 2120 miraculis
1268 2063 1618 2122 confirmare
1659 2063 1833 2123 debe-

87 2158 266 2198 amus·
355 2141 671 2218 Respondeo,
718 2143 854 2202 cum
890 2141 1016 2206 haec
1046 2141 1116 2202 fit
1156 2141 1408 2222 objectio
1445 2144 1594 2224 saepe
1627 2143 1829 2222 primi-

87 2219 219 2279 tivis
267 2221 721 2283 Protestantibus
776 2222 805 2280 a
869 2222 1192 2283 Pontificiis
1232 2224 1518 2302 jactitata,
1591 2223 1834 2286 sufficiet

91 2302 347 2361 breviter
386 2322 589 2363 eorum
632 2303 706 2362 ad
730 2304 1070 2363 Pontificios
1100 2303 1523 2384 responsionem
1547 2322 1827 2385 repetere,

90 2382 382 2454 videlicet,
427 2384 604 2462 quod,
652 2385 784 2464 quia
814 2406 931 2445 non
951 2405 1171 2445 novum
1202 2386 1590 2466 Evangelium
1622 2385 1832 2466 praedi-

92 2484 307 2533 camuS,
374 2463 465 2523 sed
515 2464 661 2525 illud
708 2465 918 2537 solum,
991 2467 1151 2545 quod
1207 2467 1478 2527 haetenus
1536 2467 1832 2527 miraculis

92 2544 304 2604 Christi
339 2545 400 2602 ὅτ,
431 2546 859 2627 Apostolorum
901 2548 1316 2606 confirmatum
1355 2549 1455 2618 est,
1503 2549 1681 2628 igitur
1720 2549 1848 2625 mi-V

95 2625 301 2684 raculis
361 2644 474 2685 non
519 2627 588 2687 fit
627 2629 792 2688 nobis
835 2649 1002 2707 opuS,
1069 2629 1130 2686 &
1172 2628 1311 2686 nihil
1343 2628 1660 2701 offerimus,
1727 2631 1831 2692 nisi

93 2706 255 2785 quod
300 2707 489 2785 parati
537 2708 726 2768 sumus
786 2709 1215 2788 Scripturarum
1275 2708 1625 2781 testimoniO,
1691 2732 1833 2790 quas

92 2806 254 2845 veras
283 2787 616 2866 agnoscunt,
650 2789 1013 2848 confirmare.
1076 2788 1157 2847 Et
1183 2789 1483 2867 praeterea,
1530 2792 1686 2870 quod
1726 2795 1832 2870 Jo-

93 2866 305 2927 hannes
345 2868 604 2947 Baptista
644 2871 703 2929 &
746 2868 981 2949 quidam
1020 2869 1330 2948 Prophetae
1377 2872 1622 2943 nullum,
1672 2874 1832 2954 quod

92 2948 374 3017 audimm,
421 2949 768 3009 miraculum
804 2949 1009 3021 fecere,
1034 2950 1150 3030 'qui
1180 2966 1369 3010 tamen
1409 2953 1834 3023 immediate&

94 3028 543 3090 extraordinarie
574 3031 718 3089 miffi
742 3030 986 3090 fuerunt.
1053 3031 1209 3090 Haec
1232 3035 1551 3092 communis
1573 3036 1653 3094 est
1685 3037 1831 3097 Pro-

96 3109 426 3170 testantium
463 3111 772 3191 responsm,
818 3132 996 3192 quarn
1041 3111 1152 3171 hoc
1189 3111 1323 3172 loco
1365 3114 1676 3176 meminisse
1717 3111 1830 3181 suf·
1915 3160 1918 3163 -

99 3189 476 3338 ficienstlicdet,
523 3192 566 3251 fi
606 3213 750 3276 opus
779 3192 870 3269 fit,
924 3194 1054 3275 plus
1082 3192 1267 3256 dicere
1295 3197 1529 3278 poffim,
1575 3194 1668 3258 sed
1697 3197 1832 3257 bre--

96 3286 262 3334 vitan
337 3292 373 3335 u
414 3293 502 3336 eoa
