<?xml version="1.0" encoding="UTF-8"?>
<!DOCTYPE html PUBLIC "-//W3C//DTD XHTML 1.0 Transitional//EN"
    "http://www.w3.org/TR/xhtml1/DTD/xhtml1-transitional.dtd">
<html xmlns="http://www.w3.org/1999/xhtml" xml:lang="en" lang="en">
 <head>
  <title>
</title>
<meta http-equiv="Content-Type" content="text/html;charset=utf-8" />
  <meta name='ocr-system' content='tesseract 3.04.00' />
  <meta name='ocr-capabilities' content='ocr_page ocr_carea ocr_par ocr_line ocrx_word'/>
</head>
<body>
  <div class='ocr_page' id='page_1' title='image "./theologiaeverech00barcuoft_0199.png"; bbox 0 0 2086 3640; ppageno 0'>
   <div class='ocr_carea' id='block_1_1' title="bbox 724 97 1862 182">
    <p class='ocr_par' dir='ltr' id='par_1_1' title="bbox 724 97 1862 182">
     <span class='ocr_line' id='line_1_1' title="bbox 724 97 1862 182; baseline 0.004 -23"><span class='ocrx_word' id='word_1_1' title='bbox 724 97 815 159; x_wconf 87' lang='lat' dir='ltr'>De</span> <span class='ocrx_word' id='word_1_2' title='bbox 852 97 1259 176; x_wconf 83' lang='lat' dir='ltr'>Justificatz‘one.</span> <span class='ocrx_word' id='word_1_3' title='bbox 1753 122 1777 163; x_wconf 90' lang='lat'>1</span> <span class='ocrx_word' id='word_1_4' title='bbox 1792 118 1824 182; x_wconf 90' lang='lat'>7</span> <span class='ocrx_word' id='word_1_5' title='bbox 1836 124 1862 163; x_wconf 85' lang='lat'>1</span> 
     </span>
    </p>
   </div>
   <div class='ocr_carea' id='block_1_2' title="bbox 130 203 1887 3437">
    <p class='ocr_par' dir='ltr' id='par_1_2' title="bbox 130 203 1887 3378">
     <span class='ocr_line' id='line_1_2' title="bbox 132 203 1868 290; baseline -0.001 -21"><span class='ocrx_word' id='word_1_6' title='bbox 132 204 366 290; x_wconf 87' lang='lat' dir='ltr'>quando</span> <span class='ocrx_word' id='word_1_7' title='bbox 409 203 547 266; x_wconf 72' lang='lat' dir='ltr'>vere</span> <span class='ocrx_word' id='word_1_8' title='bbox 582 203 984 286; x_wconf 85' lang='lat' dir='ltr'>poenitentiam</span> <span class='ocrx_word' id='word_1_9' title='bbox 1028 224 1230 287; x_wconf 85' lang='lat' dir='ltr'>agunt,</span> <span class='ocrx_word' id='word_1_10' title='bbox 1289 205 1354 266; x_wconf 83' lang='lat'>&amp;</span> <span class='ocrx_word' id='word_1_11' title='bbox 1387 205 1868 268; x_wconf 87' lang='lat' dir='ltr'>communicando</span> 
     </span>
     <span class='ocr_line' id='line_1_3' title="bbox 132 285 1869 369; baseline -0.001 -19"><span class='ocrx_word' id='word_1_12' title='bbox 132 290 246 355; x_wconf 76' lang='lat' dir='ltr'>illis</span> <span class='ocrx_word' id='word_1_13' title='bbox 293 288 615 350; x_wconf 88' lang='lat' dir='ltr'>mensuram</span> <span class='ocrx_word' id='word_1_14' title='bbox 658 286 863 367; x_wconf 85' lang='lat' dir='ltr'>gratiae</span> <span class='ocrx_word' id='word_1_15' title='bbox 905 285 1044 366; x_wconf 81' lang='lat' dir='ltr'>ejuS,</span> <span class='ocrx_word' id='word_1_16' title='bbox 1109 288 1220 367; x_wconf 64' lang='lat' dir='ltr'>quai</span> <span class='ocrx_word' id='word_1_17' title='bbox 1261 288 1323 347; x_wconf 73' lang='grc' dir='ltr'>δε</span> <span class='ocrx_word' id='word_1_18' title='bbox 1368 304 1601 369; x_wconf 84' lang='lat' dir='ltr'>peccata</span> <span class='ocrx_word' id='word_1_19' title='bbox 1640 287 1736 349; x_wconf 85' lang='lat' dir='ltr'>sua</span> <span class='ocrx_word' id='word_1_20' title='bbox 1778 289 1869 348; x_wconf 85' lang='lat' dir='ltr'>vi-</span> 
     </span>
     <span class='ocr_line' id='line_1_4' title="bbox 136 367 1872 451; baseline 0 -20"><span class='ocrx_word' id='word_1_21' title='bbox 136 371 332 443; x_wconf 81' lang='lat' dir='ltr'>deant,</span> <span class='ocrx_word' id='word_1_22' title='bbox 375 370 441 430; x_wconf 83' lang='lat'>&amp;</span> <span class='ocrx_word' id='word_1_23' title='bbox 465 367 865 451; x_wconf 78' lang='lat' dir='ltr'>poenitentiam</span> <span class='ocrx_word' id='word_1_24' title='bbox 901 386 1071 449; x_wconf 83' lang='lat' dir='ltr'>agere</span> <span class='ocrx_word' id='word_1_25' title='bbox 1107 387 1365 449; x_wconf 90' lang='lat' dir='ltr'>potentes</span> <span class='ocrx_word' id='word_1_26' title='bbox 1404 370 1569 441; x_wconf 88' lang='lat' dir='ltr'>fiant,</span> <span class='ocrx_word' id='word_1_27' title='bbox 1615 370 1709 429; x_wconf 93' lang='lat' dir='ltr'>sed</span> <span class='ocrx_word' id='word_1_28' title='bbox 1747 390 1872 431; x_wconf 87' lang='lat' dir='ltr'>rea·</span> 
     </span>
     <span class='ocr_line' id='line_1_5' title="bbox 134 447 1873 541; baseline 0.001 -30"><span class='ocrx_word' id='word_1_29' title='bbox 134 452 265 522; x_wconf 72' lang='lat' dir='ltr'>litet</span> <span class='ocrx_word' id='word_1_30' title='bbox 285 449 583 524; x_wconf 81' lang='lat' dir='ltr'>efficiendo</span> <span class='ocrx_word' id='word_1_31' title='bbox 619 447 748 512; x_wconf 88' lang='lat' dir='ltr'>illos</span> <span class='ocrx_word' id='word_1_32' title='bbox 768 447 1137 541; x_wconf 78' lang='lat' dir='ltr'>justificatOS,</span> <span class='ocrx_word' id='word_1_33' title='bbox 1182 452 1276 510; x_wconf 90' lang='lat' dir='ltr'>vel</span> <span class='ocrx_word' id='word_1_34' title='bbox 1291 465 1609 530; x_wconf 55' lang='lat' dir='ltr'>,antequam</span> <span class='ocrx_word' id='word_1_35' title='bbox 1629 450 1873 512; x_wconf 89' lang='lat' dir='ltr'>credunt</span> 
     </span>
     <span class='ocr_line' id='line_1_6' title="bbox 132 529 1871 614; baseline -0.001 -20"><span class='ocrx_word' id='word_1_36' title='bbox 132 538 228 614; x_wconf 92' lang='lat' dir='ltr'>(ut</span> <span class='ocrx_word' id='word_1_37' title='bbox 246 532 449 593; x_wconf 79' lang='lat' dir='ltr'>dicunt</span> <span class='ocrx_word' id='word_1_38' title='bbox 471 529 903 608; x_wconf 85' lang='lat' dir='ltr'>Antinormani)</span> <span class='ocrx_word' id='word_1_39' title='bbox 920 530 1015 589; x_wconf 85' lang='lat' dir='ltr'>vel</span> <span class='ocrx_word' id='word_1_40' title='bbox 1047 530 1352 612; x_wconf 85' lang='lat' dir='ltr'>postquam</span> <span class='ocrx_word' id='word_1_41' title='bbox 1368 532 1634 592; x_wconf 50' lang='lat' dir='ltr'>’historiae</span> <span class='ocrx_word' id='word_1_42' title='bbox 1657 532 1871 593; x_wconf 89' lang='lat' dir='ltr'>Christi</span> 
     </span>
     <span class='ocr_line' id='line_1_7' title="bbox 135 611 1871 692; baseline -0.001 -18"><span class='ocrx_word' id='word_1_43' title='bbox 135 613 366 676; x_wconf 86' lang='lat' dir='ltr'>veritati</span> <span class='ocrx_word' id='word_1_44' title='bbox 405 611 750 685; x_wconf 88' lang='lat' dir='ltr'>concedunt,</span> <span class='ocrx_word' id='word_1_45' title='bbox 793 611 887 671; x_wconf 89' lang='lat' dir='ltr'>vel</span> <span class='ocrx_word' id='word_1_46' title='bbox 923 631 1088 690; x_wconf 86' lang='lat' dir='ltr'>aquae</span> <span class='ocrx_word' id='word_1_47' title='bbox 1117 612 1463 691; x_wconf 87' lang='lat' dir='ltr'>baptismate</span> <span class='ocrx_word' id='word_1_48' title='bbox 1497 612 1703 692; x_wconf 79' lang='lat' dir='ltr'>aspersi</span> <span class='ocrx_word' id='word_1_49' title='bbox 1719 615 1871 685; x_wconf 89' lang='lat' dir='ltr'>sunt,</span> 
     </span>
     <span class='ocr_line' id='line_1_8' title="bbox 133 691 1872 772; baseline 0.001 -18"><span class='ocrx_word' id='word_1_50' title='bbox 133 696 277 754; x_wconf 90' lang='lat' dir='ltr'>dum</span> <span class='ocrx_word' id='word_1_51' title='bbox 326 710 523 753; x_wconf 80' lang='lat' dir='ltr'>tamen</span> <span class='ocrx_word' id='word_1_52' title='bbox 560 691 750 753; x_wconf 89' lang='lat' dir='ltr'>adhuc</span> <span class='ocrx_word' id='word_1_53' title='bbox 786 692 1088 754; x_wconf 62' lang='lat' dir='ltr'>actualiter</span> <span class='ocrx_word' id='word_1_54' title='bbox 1122 692 1313 772; x_wconf 91' lang='lat' dir='ltr'>injusti</span> <span class='ocrx_word' id='word_1_55' title='bbox 1353 694 1484 765; x_wconf 80' lang='lat' dir='ltr'>sint,</span> <span class='ocrx_word' id='word_1_56' title='bbox 1527 694 1608 755; x_wconf 88' lang='lat' dir='ltr'>ita</span> <span class='ocrx_word' id='word_1_57' title='bbox 1637 710 1704 754; x_wconf 91' lang='lat' dir='ltr'>ut</span> <span class='ocrx_word' id='word_1_58' title='bbox 1728 696 1872 755; x_wconf 89' lang='lat' dir='ltr'>nihil</span> 
     </span>
     <span class='ocr_line' id='line_1_9' title="bbox 134 773 1873 856; baseline 0 -20"><span class='ocrx_word' id='word_1_59' title='bbox 134 774 548 855; x_wconf 78' lang='lat' dir='ltr'><strong>redemptionis</strong></span> <span class='ocrx_word' id='word_1_60' title='bbox 590 793 794 836; x_wconf 88' lang='lat' dir='ltr'>eorum</span> <span class='ocrx_word' id='word_1_61' title='bbox 861 792 966 855; x_wconf 90' lang='lat' dir='ltr'>per</span> <span class='ocrx_word' id='word_1_62' title='bbox 1014 773 1307 835; x_wconf 87' lang='lat' dir='ltr'>Christum</span> <span class='ocrx_word' id='word_1_63' title='bbox 1373 795 1525 836; x_wconf 89' lang='lat' dir='ltr'>nunc</span> <span class='ocrx_word' id='word_1_64' title='bbox 1581 776 1873 856; x_wconf 84' lang='lat' dir='ltr'>agendum</span> 
     </span>
     <span class='ocr_line' id='line_1_10' title="bbox 135 854 1880 937; baseline 0 -22"><span class='ocrx_word' id='word_1_65' title='bbox 135 856 226 928; x_wconf 87' lang='lat' dir='ltr'>fit,</span> <span class='ocrx_word' id='word_1_66' title='bbox 271 856 464 937; x_wconf 86' lang='lat' dir='ltr'>quoad</span> <span class='ocrx_word' id='word_1_67' title='bbox 504 854 1024 916; x_wconf 85' lang='lat' dir='ltr'>reconciliationem</span> <span class='ocrx_word' id='word_1_68' title='bbox 1080 856 1142 914; x_wconf 88' lang='lat'>&amp;</span> <span class='ocrx_word' id='word_1_69' title='bbox 1182 854 1676 934; x_wconf 87' lang='lat' dir='ltr'>justificationem,</span> <span class='ocrx_word' id='word_1_70' title='bbox 1739 874 1880 917; x_wconf 89' lang='lat' dir='ltr'>tunc</span> 
     </span>
     <span class='ocr_line' id='line_1_11' title="bbox 130 935 1881 1020; baseline 0 -24"><span class='ocrx_word' id='word_1_71' title='bbox 130 952 263 998; x_wconf 88' lang='lat' dir='ltr'>tota</span> <span class='ocrx_word' id='word_1_72' title='bbox 297 936 626 999; x_wconf 64' lang='lat' dir='ltr'>doctrinalis</span> <span class='ocrx_word' id='word_1_73' title='bbox 670 937 734 996; x_wconf 86' lang='lat'>&amp;</span> <span class='ocrx_word' id='word_1_74' title='bbox 771 935 1126 1018; x_wconf 85' lang='lat' dir='ltr'>praeceptiva</span> <span class='ocrx_word' id='word_1_75' title='bbox 1167 936 1496 998; x_wconf 89' lang='lat' dir='ltr'>Bibliorum</span> <span class='ocrx_word' id='word_1_76' title='bbox 1534 961 1685 1020; x_wconf 76' lang='lat' dir='ltr'>pai-3,</span> <span class='ocrx_word' id='word_1_77' title='bbox 1722 939 1881 997; x_wconf 39' lang='lat' dir='ltr'>*inu-</span> 
     </span>
     <span class='ocr_line' id='line_1_12' title="bbox 135 1016 1878 1085; baseline 0.001 -7"><span class='ocrx_word' id='word_1_78' title='bbox 135 1019 251 1079; x_wconf 89' lang='lat' dir='ltr'>tilis</span> <span class='ocrx_word' id='word_1_79' title='bbox 286 1019 347 1078; x_wconf 79' lang='grc' dir='ltr'>8ῑ</span> <span class='ocrx_word' id='word_1_80' title='bbox 387 1017 599 1079; x_wconf 91' lang='lat' dir='ltr'>frivola</span> <span class='ocrx_word' id='word_1_81' title='bbox 644 1017 724 1079; x_wconf 90' lang='lat' dir='ltr'>est</span> <span class='ocrx_word' id='word_1_82' title='bbox 761 1020 782 1085; x_wconf 81' lang='lat'>&#39;·,</span> <span class='ocrx_word' id='word_1_83' title='bbox 845 1016 1051 1078; x_wconf 66' lang='lat' dir='ltr'>frustra</span> <span class='ocrx_word' id='word_1_84' title='bbox 1096 1019 1159 1077; x_wconf 72' lang='grc' dir='ltr'>δε</span> <span class='ocrx_word' id='word_1_85' title='bbox 1204 1019 1480 1079; x_wconf 75' lang='lat' dir='ltr'>incaffiim</span> <span class='ocrx_word' id='word_1_86' title='bbox 1517 1021 1697 1080; x_wconf 86' lang='lat' dir='ltr'>emiffi</span> <span class='ocrx_word' id='word_1_87' title='bbox 1747 1020 1878 1080; x_wconf 85' lang='lat' dir='ltr'>sunt</span> 
     </span>
     <span class='ocr_line' id='line_1_13' title="bbox 136 1087 1876 1182; baseline -0.002 -21"><span class='ocrx_word' id='word_1_88' title='bbox 136 1099 418 1182; x_wconf 83' lang='lat' dir='ltr'>Apostoli</span> <span class='ocrx_word' id='word_1_89' title='bbox 470 1100 543 1160; x_wconf 89' lang='lat' dir='ltr'>ad</span> <span class='ocrx_word' id='word_1_90' title='bbox 585 1100 989 1182; x_wconf 88' lang='lat' dir='ltr'>poenitentiam</span> <span class='ocrx_word' id='word_1_91' title='bbox 1036 1099 1464 1180; x_wconf 84' lang='lat' dir='ltr'>praedicandam</span> <span class='ocrx_word' id='word_1_92' title='bbox 1509 1101 1571 1159; x_wconf 74' lang='grc' dir='ltr'>δε</span> <span class='ocrx_word' id='word_1_93' title='bbox 1607 1087 1876 1180; x_wconf 63' lang='lat' dir='ltr'>peccato-</span> 
     </span>
     <span class='ocr_line' id='line_1_14' title="bbox 137 1179 1875 1260; baseline -0.001 -17"><span class='ocrx_word' id='word_1_94' title='bbox 137 1197 271 1243; x_wconf 83' lang='lat' dir='ltr'>rum</span> <span class='ocrx_word' id='word_1_95' title='bbox 321 1181 753 1242; x_wconf 86' lang='lat' dir='ltr'>remiffionem:</span> <span class='ocrx_word' id='word_1_96' title='bbox 799 1179 1072 1241; x_wconf 87' lang='lat' dir='ltr'>inutiliter</span> <span class='ocrx_word' id='word_1_97' title='bbox 1119 1202 1269 1241; x_wconf 90' lang='lat' dir='ltr'>nunc</span> <span class='ocrx_word' id='word_1_98' title='bbox 1317 1180 1724 1260; x_wconf 73' lang='lat' dir='ltr'>praedicatores</span> <span class='ocrx_word' id='word_1_99' title='bbox 1773 1201 1875 1241; x_wconf 85' lang='lat' dir='ltr'>na-</span> 
     </span>
     <span class='ocr_line' id='line_1_15' title="bbox 133 1261 1877 1343; baseline 0 -21"><span class='ocrx_word' id='word_1_100' title='bbox 133 1278 278 1323; x_wconf 88' lang='lat' dir='ltr'>vant</span> <span class='ocrx_word' id='word_1_101' title='bbox 322 1282 586 1342; x_wconf 89' lang='lat' dir='ltr'>operam,</span> <span class='ocrx_word' id='word_1_102' title='bbox 630 1280 801 1326; x_wconf 86' lang='lat' dir='ltr'>voces</span> <span class='ocrx_word' id='word_1_103' title='bbox 820 1261 1072 1334; x_wconf 80' lang='lat' dir='ltr'>elevant,</span> <span class='ocrx_word' id='word_1_104' title='bbox 1116 1261 1324 1343; x_wconf 87' lang='lat' dir='ltr'>scripta</span> <span class='ocrx_word' id='word_1_105' title='bbox 1351 1261 1549 1333; x_wconf 89' lang='lat' dir='ltr'>edunt,</span> <span class='ocrx_word' id='word_1_106' title='bbox 1593 1262 1656 1320; x_wconf 85' lang='lat'>&amp;</span> <span class='ocrx_word' id='word_1_107' title='bbox 1685 1262 1877 1322; x_wconf 71' lang='lat' dir='ltr'>multo</span> 
     </span>
     <span class='ocr_line' id='line_1_16' title="bbox 134 1342 1877 1426; baseline -0.002 -20"><span class='ocrx_word' id='word_1_108' title='bbox 134 1342 389 1407; x_wconf 68' lang='lat' dir='ltr'>inutilius</span> <span class='ocrx_word' id='word_1_109' title='bbox 430 1344 679 1425; x_wconf 90' lang='lat' dir='ltr'>populus</span> <span class='ocrx_word' id='word_1_110' title='bbox 699 1343 1004 1424; x_wconf 85' lang='lat' dir='ltr'>pecuniam</span> <span class='ocrx_word' id='word_1_111' title='bbox 1046 1344 1407 1426; x_wconf 90' lang='lat' dir='ltr'>impendunt,</span> <span class='ocrx_word' id='word_1_112' title='bbox 1454 1343 1624 1423; x_wconf 87' lang='lat' dir='ltr'>iisque</span> <span class='ocrx_word' id='word_1_113' title='bbox 1663 1344 1877 1423; x_wconf 82' lang='lat' dir='ltr'>praedi-</span> 
     </span>
     <span class='ocr_line' id='line_1_17' title="bbox 135 1423 1871 1507; baseline 0.001 -24"><span class='ocrx_word' id='word_1_114' title='bbox 135 1423 492 1486; x_wconf 87' lang='lat' dir='ltr'>dicatoribus</span> <span class='ocrx_word' id='word_1_115' title='bbox 517 1425 906 1507; x_wconf 62' lang='lat' dir='ltr'>elargiuntur,</span> <span class='ocrx_word' id='word_1_116' title='bbox 946 1428 1082 1490; x_wconf 73' lang='lat' dir='ltr'>cum</span> <span class='ocrx_word' id='word_1_117' title='bbox 1112 1426 1252 1487; x_wconf 89' lang='lat' dir='ltr'>nihil</span> <span class='ocrx_word' id='word_1_118' title='bbox 1275 1423 1344 1485; x_wconf 89' lang='lat' dir='ltr'>fit</span> <span class='ocrx_word' id='word_1_119' title='bbox 1371 1424 1472 1485; x_wconf 87' lang='lat' dir='ltr'>nifi</span> <span class='ocrx_word' id='word_1_120' title='bbox 1495 1432 1674 1485; x_wconf 60' lang='lat' dir='ltr'>adum</span> <span class='ocrx_word' id='word_1_121' title='bbox 1695 1446 1871 1507; x_wconf 82' lang='lat' dir='ltr'>agere,</span> 
     </span>
     <span class='ocr_line' id='line_1_18' title="bbox 137 1504 1873 1588; baseline 0 -22"><span class='ocrx_word' id='word_1_122' title='bbox 137 1504 258 1566; x_wconf 73' lang='lat' dir='ltr'>imo</span> <span class='ocrx_word' id='word_1_123' title='bbox 312 1527 495 1568; x_wconf 86' lang='lat' dir='ltr'>vanus</span> <span class='ocrx_word' id='word_1_124' title='bbox 556 1509 620 1569; x_wconf 76' lang='grc' dir='ltr'>δε</span> <span class='ocrx_word' id='word_1_125' title='bbox 668 1507 954 1588; x_wconf 86' lang='lat' dir='ltr'>impotens</span> <span class='ocrx_word' id='word_1_126' title='bbox 1003 1508 1253 1588; x_wconf 86' lang='lat' dir='ltr'>impetus</span> <span class='ocrx_word' id='word_1_127' title='bbox 1308 1507 1389 1567; x_wconf 87' lang='lat' dir='ltr'>est</span> <span class='ocrx_word' id='word_1_128' title='bbox 1430 1506 1575 1565; x_wconf 88' lang='lat' dir='ltr'>illud</span> <span class='ocrx_word' id='word_1_129' title='bbox 1623 1509 1873 1577; x_wconf 87' lang='lat' dir='ltr'>efficere,</span> 
     </span>
     <span class='ocr_line' id='line_1_19' title="bbox 135 1586 1883 1668; baseline 0.001 -21"><span class='ocrx_word' id='word_1_130' title='bbox 135 1586 296 1668; x_wconf 89' lang='lat' dir='ltr'>quod</span> <span class='ocrx_word' id='word_1_131' title='bbox 325 1587 452 1665; x_wconf 84' lang='lat' dir='ltr'>jam</span> <span class='ocrx_word' id='word_1_132' title='bbox 499 1587 819 1668; x_wconf 66' lang='lat' dir='ltr'>perfedtum</span> <span class='ocrx_word' id='word_1_133' title='bbox 846 1588 927 1659; x_wconf 86' lang='lat' dir='ltr'>est</span> <span class='ocrx_word' id='word_1_134' title='bbox 970 1587 1083 1649; x_wconf 87' lang='lat' dir='ltr'>fine</span> <span class='ocrx_word' id='word_1_135' title='bbox 1129 1590 1210 1648; x_wconf 77' lang='lat' dir='ltr'>iis,</span> <span class='ocrx_word' id='word_1_136' title='bbox 1290 1587 1404 1648; x_wconf 90' lang='lat' dir='ltr'>Sed</span> <span class='ocrx_word' id='word_1_137' title='bbox 1432 1588 1696 1668; x_wconf 89' lang='lat' dir='ltr'>denique,</span> <span class='ocrx_word' id='word_1_138' title='bbox 1745 1588 1883 1649; x_wconf 91' lang='lat' dir='ltr'>licet</span> 
     </span>
     <span class='ocr_line' id='line_1_20' title="bbox 138 1668 1878 1751; baseline 0.002 -24"><span class='ocrx_word' id='word_1_139' title='bbox 138 1669 420 1735; x_wconf 80' lang='lat' dir='ltr'>humanos</span> <span class='ocrx_word' id='word_1_140' title='bbox 467 1687 674 1728; x_wconf 89' lang='lat' dir='ltr'>eorum</span> <span class='ocrx_word' id='word_1_141' title='bbox 726 1669 958 1728; x_wconf 84' lang='lat' dir='ltr'>labores</span> <span class='ocrx_word' id='word_1_142' title='bbox 1006 1668 1514 1751; x_wconf 80' lang='lat' dir='ltr'>praeteriverimuS,</span> <span class='ocrx_word' id='word_1_143' title='bbox 1585 1669 1742 1748; x_wconf 80' lang='lat' dir='ltr'>quasi</span> <span class='ocrx_word' id='word_1_144' title='bbox 1792 1670 1878 1730; x_wconf 87' lang='lat' dir='ltr'>in-</span> 
     </span>
     <span class='ocr_line' id='line_1_21' title="bbox 137 1747 1878 1830; baseline 0.002 -23"><span class='ocrx_word' id='word_1_145' title='bbox 137 1748 369 1830; x_wconf 88' lang='lat' dir='ltr'>dignos,</span> <span class='ocrx_word' id='word_1_146' title='bbox 407 1747 481 1808; x_wconf 89' lang='lat' dir='ltr'>de</span> <span class='ocrx_word' id='word_1_147' title='bbox 516 1749 730 1830; x_wconf 84' lang='lat' dir='ltr'>quibus</span> <span class='ocrx_word' id='word_1_148' title='bbox 751 1749 1091 1830; x_wconf 87' lang='lat' dir='ltr'>disputatur,</span> <span class='ocrx_word' id='word_1_149' title='bbox 1136 1770 1276 1810; x_wconf 89' lang='lat' dir='ltr'>num</span> <span class='ocrx_word' id='word_1_150' title='bbox 1304 1749 1593 1809; x_wconf 85' lang='lat' dir='ltr'>neceffarii</span> <span class='ocrx_word' id='word_1_151' title='bbox 1610 1750 1719 1811; x_wconf 78' lang='lat' dir='ltr'>sint</span> <span class='ocrx_word' id='word_1_152' title='bbox 1747 1772 1878 1811; x_wconf 82' lang='lat' dir='ltr'>nec-</span> 
     </span>
     <span class='ocr_line' id='line_1_22' title="bbox 138 1830 1881 1911; baseline 0.001 -20"><span class='ocrx_word' id='word_1_153' title='bbox 138 1850 234 1902; x_wconf 88' lang='lat' dir='ltr'>ne,</span> <span class='ocrx_word' id='word_1_154' title='bbox 278 1832 415 1891; x_wconf 76' lang='lat' dir='ltr'>cum</span> <span class='ocrx_word' id='word_1_155' title='bbox 444 1834 537 1907; x_wconf 85' lang='lat' dir='ltr'>(ut</span> <span class='ocrx_word' id='word_1_156' title='bbox 561 1831 759 1910; x_wconf 81' lang='lat' dir='ltr'>postea</span> <span class='ocrx_word' id='word_1_157' title='bbox 786 1830 1035 1911; x_wconf 90' lang='lat' dir='ltr'>dicetur)</span> <span class='ocrx_word' id='word_1_158' title='bbox 1079 1831 1182 1911; x_wconf 81' lang='lat' dir='ltr'>ipfi</span> <span class='ocrx_word' id='word_1_159' title='bbox 1221 1831 1506 1891; x_wconf 85' lang='lat' dir='ltr'>fateantur</span> <span class='ocrx_word' id='word_1_160' title='bbox 1536 1833 1881 1911; x_wconf 81' lang='lat' dir='ltr'>praestantis-</span> 
     </span>
     <span class='ocr_line' id='line_1_23' title="bbox 141 1910 1880 1991; baseline 0.002 -21"><span class='ocrx_word' id='word_1_161' title='bbox 141 1910 316 1974; x_wconf 85' lang='lat' dir='ltr'>fimos</span> <span class='ocrx_word' id='word_1_162' title='bbox 360 1912 468 1972; x_wconf 90' lang='lat' dir='ltr'>esse</span> <span class='ocrx_word' id='word_1_163' title='bbox 497 1911 935 1991; x_wconf 86' lang='lat' dir='ltr'>coinquinatos·,</span> <span class='ocrx_word' id='word_1_164' title='bbox 1000 1914 1111 1975; x_wconf 90' lang='lat' dir='ltr'>hoc</span> <span class='ocrx_word' id='word_1_165' title='bbox 1150 1929 1346 1972; x_wconf 89' lang='lat' dir='ltr'>tamen</span> <span class='ocrx_word' id='word_1_166' title='bbox 1386 1912 1609 1971; x_wconf 82' lang='lat' dir='ltr'>inanem</span> <span class='ocrx_word' id='word_1_167' title='bbox 1650 1913 1714 1972; x_wconf 87' lang='lat'>&amp;</span> <span class='ocrx_word' id='word_1_168' title='bbox 1757 1913 1880 1974; x_wconf 83' lang='lat' dir='ltr'>fru-</span> 
     </span>
     <span class='ocr_line' id='line_1_24' title="bbox 141 1991 1881 2075; baseline 0.003 -26"><span class='ocrx_word' id='word_1_169' title='bbox 141 1991 424 2052; x_wconf 87' lang='lat' dir='ltr'>straneam</span> <span class='ocrx_word' id='word_1_170' title='bbox 474 1993 734 2053; x_wconf 89' lang='lat' dir='ltr'>redderet</span> <span class='ocrx_word' id='word_1_171' title='bbox 767 1994 1111 2075; x_wconf 66' lang='lat' dir='ltr'>praesentem</span> <span class='ocrx_word' id='word_1_172' title='bbox 1155 2014 1267 2073; x_wconf 88' lang='lat' dir='ltr'>pro</span> <span class='ocrx_word' id='word_1_173' title='bbox 1319 1992 1485 2052; x_wconf 87' lang='lat' dir='ltr'>nobis</span> <span class='ocrx_word' id='word_1_174' title='bbox 1530 1993 1744 2054; x_wconf 88' lang='lat' dir='ltr'>Christi</span> <span class='ocrx_word' id='word_1_175' title='bbox 1793 1995 1881 2055; x_wconf 75' lang='lat' dir='ltr'>in-</span> 
     </span>
     <span class='ocr_line' id='line_1_25' title="bbox 138 2073 1880 2154; baseline 0.002 -21"><span class='ocrx_word' id='word_1_176' title='bbox 138 2075 556 2140; x_wconf 72' lang='lat' dir='ltr'>terceffionem.</span> <span class='ocrx_word' id='word_1_177' title='bbox 642 2073 868 2133; x_wconf 66' lang='lat' dir='ltr'>Actum</span> <span class='ocrx_word' id='word_1_178' title='bbox 922 2075 1032 2134; x_wconf 91' lang='lat' dir='ltr'>erit</span> <span class='ocrx_word' id='word_1_179' title='bbox 1072 2075 1142 2135; x_wconf 89' lang='lat' dir='ltr'>de</span> <span class='ocrx_word' id='word_1_180' title='bbox 1193 2095 1411 2154; x_wconf 83' lang='lat' dir='ltr'>magno</span> <span class='ocrx_word' id='word_1_181' title='bbox 1460 2073 1566 2133; x_wconf 93' lang='lat' dir='ltr'>illo</span> <span class='ocrx_word' id='word_1_182' title='bbox 1607 2075 1742 2134; x_wconf 89' lang='lat' dir='ltr'>fidei</span> <span class='ocrx_word' id='word_1_183' title='bbox 1786 2098 1880 2136; x_wconf 89' lang='lat' dir='ltr'>ar-</span> 
     </span>
     <span class='ocr_line' id='line_1_26' title="bbox 139 2152 1877 2237; baseline 0.004 -25"><span class='ocrx_word' id='word_1_184' title='bbox 139 2152 349 2225; x_wconf 81' lang='lat' dir='ltr'>ticu10,</span> <span class='ocrx_word' id='word_1_185' title='bbox 411 2175 508 2235; x_wconf 87' lang='lat' dir='ltr'>quo</span> <span class='ocrx_word' id='word_1_186' title='bbox 557 2153 905 2236; x_wconf 84' lang='lat' dir='ltr'>affirmamus,</span> <span class='ocrx_word' id='word_1_187' title='bbox 969 2157 1112 2237; x_wconf 67' lang='lat' dir='ltr'>qubd</span> <span class='ocrx_word' id='word_1_188' title='bbox 1154 2155 1232 2215; x_wconf 81' lang='lat' dir='ltr'>ad</span> <span class='ocrx_word' id='word_1_189' title='bbox 1262 2157 1532 2216; x_wconf 76' lang='lat' dir='ltr'>dexteram</span> <span class='ocrx_word' id='word_1_190' title='bbox 1557 2159 1688 2232; x_wconf 36' lang='lat' dir='ltr'>„Dei</span> <span class='ocrx_word' id='word_1_191' title='bbox 1711 2159 1877 2236; x_wconf 82' lang='lat' dir='ltr'>sedet,</span> 
     </span>
     <span class='ocr_line' id='line_1_27' title="bbox 132 2235 1887 2320; baseline 0.004 -27"><span class='ocrx_word' id='word_1_192' title='bbox 132 2252 237 2315; x_wconf 80' lang='lat' dir='ltr'>pro</span> <span class='ocrx_word' id='word_1_193' title='bbox 298 2236 442 2297; x_wconf 89' lang='lat' dir='ltr'>nobis</span> <span class='ocrx_word' id='word_1_194' title='bbox 511 2235 702 2296; x_wconf 67' lang='lat' dir='ltr'>uotidie</span> <span class='ocrx_word' id='word_1_195' title='bbox 741 2239 1135 2315; x_wconf 75' lang='lat' dir='ltr'>interccffonem</span> <span class='ocrx_word' id='word_1_196' title='bbox 1190 2241 1419 2318; x_wconf 80' lang='lat' dir='ltr'>faciens,</span> <span class='ocrx_word' id='word_1_197' title='bbox 1487 2238 1558 2299; x_wconf 57' lang='grc' dir='ltr'>ἑά</span> <span class='ocrx_word' id='word_1_198' title='bbox 1615 2261 1712 2320; x_wconf 81' lang='lat' dir='ltr'>quo</span> <span class='ocrx_word' id='word_1_199' title='bbox 1766 2243 1887 2316; x_wconf 78' lang='lat' dir='ltr'>fine</span> 
     </span>
     <span class='ocr_line' id='line_1_28' title="bbox 144 2318 1881 2401; baseline 0.002 -23"><span class='ocrx_word' id='word_1_200' title='bbox 144 2318 373 2395; x_wconf 86' lang='lat' dir='ltr'>Spiritus</span> <span class='ocrx_word' id='word_1_201' title='bbox 411 2320 514 2396; x_wconf 67' lang='lat' dir='ltr'>&#39;ipe</span> <span class='ocrx_word' id='word_1_202' title='bbox 541 2318 781 2398; x_wconf 85' lang='lat' dir='ltr'>postulat</span> <span class='ocrx_word' id='word_1_203' title='bbox 815 2335 920 2397; x_wconf 85' lang='lat' dir='ltr'>pro</span> <span class='ocrx_word' id='word_1_204' title='bbox 958 2322 1121 2391; x_wconf 84' lang='lat' dir='ltr'>nobis,</span> <span class='ocrx_word' id='word_1_205' title='bbox 1174 2321 1450 2401; x_wconf 83' lang='lat' dir='ltr'>gemitibus</span> <span class='ocrx_word' id='word_1_206' title='bbox 1498 2323 1881 2382; x_wconf 76' lang='lat' dir='ltr'>inenarrabili-</span> 
     </span>
     <span class='ocr_line' id='line_1_29' title="bbox 139 2398 1884 2483; baseline 0.001 -24"><span class='ocrx_word' id='word_1_207' title='bbox 139 2399 255 2464; x_wconf 77' lang='lat' dir='ltr'>bus.</span> <span class='ocrx_word' id='word_1_208' title='bbox 339 2399 596 2463; x_wconf 88' lang='lat' dir='ltr'>Christus</span> <span class='ocrx_word' id='word_1_209' title='bbox 650 2398 887 2462; x_wconf 75' lang='lat' dir='ltr'>minime</span> <span class='ocrx_word' id='word_1_210' title='bbox 930 2418 1063 2462; x_wconf 88' lang='lat' dir='ltr'>orat</span> <span class='ocrx_word' id='word_1_211' title='bbox 1118 2423 1231 2483; x_wconf 87' lang='lat' dir='ltr'>pro</span> <span class='ocrx_word' id='word_1_212' title='bbox 1276 2402 1405 2472; x_wconf 85' lang='lat' dir='ltr'>illis,</span> <span class='ocrx_word' id='word_1_213' title='bbox 1475 2401 1683 2479; x_wconf 90' lang='lat' dir='ltr'>quibus</span> <span class='ocrx_word' id='word_1_214' title='bbox 1738 2402 1884 2462; x_wconf 79' lang='lat' dir='ltr'>salus</span> 
     </span>
     <span class='ocr_line' id='line_1_30' title="bbox 143 2478 1882 2560; baseline 0.003 -22"><span class='ocrx_word' id='word_1_215' title='bbox 143 2478 382 2539; x_wconf 72' lang='lat' dir='ltr'>omnino</span> <span class='ocrx_word' id='word_1_216' title='bbox 422 2480 505 2540; x_wconf 91' lang='lat' dir='ltr'>est</span> <span class='ocrx_word' id='word_1_217' title='bbox 540 2479 905 2560; x_wconf 85' lang='lat' dir='ltr'>impoffibilis</span> <span class='ocrx_word' id='word_1_218' title='bbox 935 2507 957 2549; x_wconf 91' lang='lat'>·,</span> <span class='ocrx_word' id='word_1_219' title='bbox 1022 2484 1131 2543; x_wconf 93' lang='lat' dir='ltr'>hoc</span> <span class='ocrx_word' id='word_1_220' title='bbox 1181 2482 1490 2544; x_wconf 84' lang='lat' dir='ltr'>absurdum</span> <span class='ocrx_word' id='word_1_221' title='bbox 1529 2482 1628 2552; x_wconf 92' lang='lat' dir='ltr'>est,</span> <span class='ocrx_word' id='word_1_222' title='bbox 1675 2482 1882 2543; x_wconf 83' lang='lat' dir='ltr'>adver-</span> 
     </span>
     <span class='ocr_line' id='line_1_31' title="bbox 142 2561 1883 2643; baseline 0.002 -21"><span class='ocrx_word' id='word_1_223' title='bbox 142 2561 271 2628; x_wconf 85' lang='lat' dir='ltr'>sarii</span> <span class='ocrx_word' id='word_1_224' title='bbox 318 2561 526 2626; x_wconf 89' lang='lat' dir='ltr'>nolunt</span> <span class='ocrx_word' id='word_1_225' title='bbox 571 2582 704 2622; x_wconf 91' lang='lat' dir='ltr'>eum</span> <span class='ocrx_word' id='word_1_226' title='bbox 751 2583 863 2643; x_wconf 85' lang='lat' dir='ltr'>pro</span> <span class='ocrx_word' id='word_1_227' title='bbox 905 2565 1122 2628; x_wconf 86' lang='lat' dir='ltr'>mundo</span> <span class='ocrx_word' id='word_1_228' title='bbox 1152 2585 1336 2625; x_wconf 86' lang='lat' dir='ltr'>orare.</span> <span class='ocrx_word' id='word_1_229' title='bbox 1417 2564 1477 2621; x_wconf 90' lang='lat' dir='ltr'>Si</span> <span class='ocrx_word' id='word_1_230' title='bbox 1514 2579 1706 2622; x_wconf 87' lang='lat' dir='ltr'>autem</span> <span class='ocrx_word' id='word_1_231' title='bbox 1755 2582 1883 2625; x_wconf 88' lang='lat' dir='ltr'>oret</span> 
     </span>
     <span class='ocr_line' id='line_1_32' title="bbox 146 2640 1883 2727; baseline 0.003 -26"><span class='ocrx_word' id='word_1_232' title='bbox 146 2662 259 2727; x_wconf 87' lang='lat' dir='ltr'>pro</span> <span class='ocrx_word' id='word_1_233' title='bbox 308 2640 395 2712; x_wconf 86' lang='lat' dir='ltr'>iis,</span> <span class='ocrx_word' id='word_1_234' title='bbox 459 2643 558 2722; x_wconf 89' lang='lat' dir='ltr'>qui</span> <span class='ocrx_word' id='word_1_235' title='bbox 603 2641 731 2723; x_wconf 85' lang='lat' dir='ltr'>jam</span> <span class='ocrx_word' id='word_1_236' title='bbox 783 2645 1134 2706; x_wconf 81' lang='lat' dir='ltr'>reconciliati</span> <span class='ocrx_word' id='word_1_237' title='bbox 1189 2647 1250 2702; x_wconf 85' lang='lat'>&amp;</span> <span class='ocrx_word' id='word_1_238' title='bbox 1297 2644 1548 2724; x_wconf 68' lang='lat' dir='ltr'>perfecte</span> <span class='ocrx_word' id='word_1_239' title='bbox 1582 2642 1883 2721; x_wconf 88' lang='lat' dir='ltr'>justificati</span> 
     </span>
     <span class='ocr_line' id='line_1_33' title="bbox 147 2722 1881 2809; baseline 0.003 -27"><span class='ocrx_word' id='word_1_240' title='bbox 147 2723 311 2800; x_wconf 79' lang='lat' dir='ltr'>sunt,</span> <span class='ocrx_word' id='word_1_241' title='bbox 339 2722 402 2780; x_wconf 78' lang='grc' dir='ltr'>δε</span> <span class='ocrx_word' id='word_1_242' title='bbox 440 2744 552 2809; x_wconf 88' lang='lat' dir='ltr'>pro</span> <span class='ocrx_word' id='word_1_243' title='bbox 582 2726 902 2792; x_wconf 68' lang='lat' dir='ltr'>remiffione</span> <span class='ocrx_word' id='word_1_244' title='bbox 927 2742 1321 2805; x_wconf 86' lang='lat' dir='ltr'>peccatorum,</span> <span class='ocrx_word' id='word_1_245' title='bbox 1359 2744 1617 2805; x_wconf 39' lang='lat' dir='ltr'>,quorum</span> <span class='ocrx_word' id='word_1_246' title='bbox 1647 2743 1881 2806; x_wconf 86' lang='lat' dir='ltr'>peccata</span> 
     </span>
     <span class='ocr_line' id='line_1_34' title="bbox 140 2802 1883 2888; baseline 0.005 -28"><span class='ocrx_word' id='word_1_247' title='bbox 140 2802 489 2888; x_wconf 83' lang='lat' dir='ltr'>jamdudum</span> <span class='ocrx_word' id='word_1_248' title='bbox 527 2804 589 2863; x_wconf 86' lang='lat'>&amp;</span> <span class='ocrx_word' id='word_1_249' title='bbox 634 2806 927 2886; x_wconf 65' lang='lat' dir='ltr'>praeterita</span> <span class='ocrx_word' id='word_1_250' title='bbox 975 2807 1035 2864; x_wconf 88' lang='lat'>&amp;</span> <span class='ocrx_word' id='word_1_251' title='bbox 1078 2804 1271 2866; x_wconf 88' lang='lat' dir='ltr'>futura</span> <span class='ocrx_word' id='word_1_252' title='bbox 1313 2806 1535 2866; x_wconf 69' lang='lat' dir='ltr'>remiffa</span> <span class='ocrx_word' id='word_1_253' title='bbox 1579 2804 1723 2878; x_wconf 82' lang='lat' dir='ltr'>sunt,</span> <span class='ocrx_word' id='word_1_254' title='bbox 1770 2809 1883 2870; x_wconf 87' lang='lat' dir='ltr'>hoc</span> 
     </span>
     <span class='ocr_line' id='line_1_35' title="bbox 151 2884 1883 2969; baseline 0.003 -26"><span class='ocrx_word' id='word_1_255' title='bbox 151 2884 340 2943; x_wconf 86' lang='lat' dir='ltr'>minus</span> <span class='ocrx_word' id='word_1_256' title='bbox 366 2884 734 2945; x_wconf 85' lang='lat' dir='ltr'>neceffarium</span> <span class='ocrx_word' id='word_1_257' title='bbox 780 2886 881 2956; x_wconf 88' lang='lat' dir='ltr'>est,</span> <span class='ocrx_word' id='word_1_258' title='bbox 945 2886 1008 2944; x_wconf 69' lang='lat'>&amp;-</span> <span class='ocrx_word' id='word_1_259' title='bbox 1046 2886 1158 2946; x_wconf 88' lang='lat' dir='ltr'>hoc</span> <span class='ocrx_word' id='word_1_260' title='bbox 1205 2888 1471 2969; x_wconf 86' lang='lat' dir='ltr'>equidem</span> <span class='ocrx_word' id='word_1_261' title='bbox 1516 2887 1692 2947; x_wconf 74' lang='lat' dir='ltr'>solide</span> <span class='ocrx_word' id='word_1_262' title='bbox 1741 2889 1883 2948; x_wconf 86' lang='lat' dir='ltr'>solvi</span> 
     </span>
     <span class='ocr_line' id='line_1_36' title="bbox 149 2964 1882 3045; baseline 0.002 -19"><span class='ocrx_word' id='word_1_263' title='bbox 149 2985 266 3026; x_wconf 87' lang='lat' dir='ltr'>non</span> <span class='ocrx_word' id='word_1_264' title='bbox 288 2964 498 3045; x_wconf 90' lang='lat' dir='ltr'>potest,</span> <span class='ocrx_word' id='word_1_265' title='bbox 523 2965 623 3024; x_wconf 80' lang='lat' dir='ltr'>nisi</span> <span class='ocrx_word' id='word_1_266' title='bbox 650 2967 957 3028; x_wconf 87' lang='lat' dir='ltr'>secundum</span> <span class='ocrx_word' id='word_1_267' title='bbox 986 2967 1287 3028; x_wconf 85' lang='lat' dir='ltr'>veritatem</span> <span class='ocrx_word' id='word_1_268' title='bbox 1312 2969 1643 3043; x_wconf 88' lang='lat' dir='ltr'>confitendo</span> <span class='ocrx_word' id='word_1_269' title='bbox 1665 2971 1882 3029; x_wconf 86' lang='lat' dir='ltr'>Christ-</span> 
     </span>
     <span class='ocr_line' id='line_1_37' title="bbox 152 3047 1886 3120; baseline 0.005 -16"><span class='ocrx_word' id='word_1_270' title='bbox 152 3066 255 3104; x_wconf 92' lang='lat' dir='ltr'>um</span> <span class='ocrx_word' id='word_1_271' title='bbox 301 3061 490 3111; x_wconf 79' lang='lat' dir='ltr'>morte</span> <span class='ocrx_word' id='word_1_272' title='bbox 531 3062 755 3107; x_wconf 87' lang='lat' dir='ltr'>tantum</span> <span class='ocrx_word' id='word_1_273' title='bbox 805 3047 1106 3109; x_wconf 80' lang='lat' dir='ltr'>removiffe</span> <span class='ocrx_word' id='word_1_274' title='bbox 1146 3049 1291 3109; x_wconf 83' lang='lat' dir='ltr'>iram</span> <span class='ocrx_word' id='word_1_275' title='bbox 1335 3049 1466 3120; x_wconf 92' lang='lat' dir='ltr'>Dei,</span> <span class='ocrx_word' id='word_1_276' title='bbox 1492 3048 1579 3111; x_wconf 64' lang='lat' dir='ltr'>&#39;ut</span> <span class='ocrx_word' id='word_1_277' title='bbox 1626 3051 1886 3112; x_wconf 83' lang='lat' dir='ltr'>obtineat</span> 
     </span>
     <span class='ocr_line' id='line_1_38' title="bbox 138 3118 1884 3212; baseline 0.004 -28"><span class='ocrx_word' id='word_1_278' title='bbox 138 3118 538 3185; x_wconf 64' lang='lat' dir='ltr'>&#39;‘&#39;remiffionem</span> <span class='ocrx_word' id='word_1_279' title='bbox 585 3144 957 3208; x_wconf 87' lang='lat' dir='ltr'>peccatorum</span> <span class='ocrx_word' id='word_1_280' title='bbox 995 3130 1260 3189; x_wconf 88' lang='lat' dir='ltr'>omnibus</span> <span class='ocrx_word' id='word_1_281' title='bbox 1309 3130 1705 3212; x_wconf 86' lang='lat' dir='ltr'>recipientibus</span> <span class='ocrx_word' id='word_1_282' title='bbox 1743 3153 1884 3212; x_wconf 82' lang='lat' dir='ltr'>gra-</span> 
     </span>
     <span class='ocr_line' id='line_1_39' title="bbox 154 3207 1882 3289; baseline 0.004 -23"><span class='ocrx_word' id='word_1_283' title='bbox 154 3207 297 3267; x_wconf 86' lang='lat' dir='ltr'>tiam</span> <span class='ocrx_word' id='word_1_284' title='bbox 333 3208 395 3274; x_wconf 84' lang='lat'>&amp;</span> <span class='ocrx_word' id='word_1_285' title='bbox 433 3207 651 3280; x_wconf 87' lang='lat' dir='ltr'>lumen,</span> <span class='ocrx_word' id='word_1_286' title='bbox 699 3209 858 3289; x_wconf 92' lang='lat' dir='ltr'>quod</span> <span class='ocrx_word' id='word_1_287' title='bbox 896 3211 994 3270; x_wconf 90' lang='lat' dir='ltr'>ille</span> <span class='ocrx_word' id='word_1_288' title='bbox 1043 3210 1105 3270; x_wconf 91' lang='lat' dir='ltr'>iis</span> <span class='ocrx_word' id='word_1_289' title='bbox 1143 3214 1551 3282; x_wconf 81' lang='lat' dir='ltr'>communicat,</span> <span class='ocrx_word' id='word_1_290' title='bbox 1599 3212 1882 3273; x_wconf 86' lang='lat' dir='ltr'>&amp;eorum</span> 
     </span>
     <span class='ocr_line' id='line_1_40' title="bbox 156 3288 1879 3378; baseline 0.005 -31"><span class='ocrx_word' id='word_1_291' title='bbox 156 3288 323 3351; x_wconf 66' lang='lat' dir='ltr'>causa</span> <span class='ocrx_word' id='word_1_292' title='bbox 370 3289 670 3370; x_wconf 80' lang='lat' dir='ltr'>acquisivit</span> <span class='ocrx_word' id='word_1_293' title='bbox 722 3290 996 3378; x_wconf 77' lang='lat' dir='ltr'>sanguine</span> <span class='ocrx_word' id='word_1_294' title='bbox 1025 3293 1147 3366; x_wconf 90' lang='lat' dir='ltr'>suo,</span> <span class='ocrx_word' id='word_1_295' title='bbox 1213 3293 1270 3353; x_wconf 89' lang='lat' dir='ltr'>in</span> <span class='ocrx_word' id='word_1_296' title='bbox 1306 3294 1464 3375; x_wconf 87' lang='lat' dir='ltr'>quod</span> <span class='ocrx_word' id='word_1_297' title='bbox 1506 3309 1571 3352; x_wconf 90' lang='lat' dir='ltr'>ut</span> <span class='ocrx_word' id='word_1_298' title='bbox 1619 3294 1879 3366; x_wconf 86' lang='lat' dir='ltr'>credunt,</span> 
     </span>
    </p>

    <p class='ocr_par' dir='ltr' id='par_1_3' title="bbox 1499 3375 1882 3437">
     <span class='ocr_line' id='line_1_41' title="bbox 1499 3375 1882 3437; baseline 0.003 -3"><span class='ocrx_word' id='word_1_299' title='bbox 1499 3375 1882 3437; x_wconf 84' lang='lat' dir='ltr'>remiffionem</span> 
     </span>
    </p>
   </div>
  </div>
 </body>
</html>
