2086 3640
259 57 382 135 456
465 17 750 116 THE‘S
780 56 888 116 Is·
957 54 1020 115 D
1050 55 1106 114 E
1134 40 1422 115 CJMA
1459 52 1887 135 QUINTA·

259 165 581 233 veniantur,
625 163 805 222 veluti
850 162 904 220 in
953 161 1346 242 prohibitione
1384 162 1642 233 divortii,
1688 165 1789 225 ubi
1818 168 1987 230 Chri·

259 247 374 306 stus
425 245 549 310 ait3
601 246 824 304 Difft'um
863 244 934 319 est
983 257 1178 315 autem,
1245 243 1559 325 Qicunque
1601 243 1852 323 dimiserit
1889 272 1991 310 ux-

259 348 403 387 orem
449 328 627 405 suam,
688 325 772 384 det
812 327 859 385 ei
899 324 1138 384 libellum
1186 324 1438 402 repudii:
1507 346 1593 405 ego
1651 339 1822 387 autem
1878 333 1990 391 dico

186 466 192 469 a
261 409 431 478 vobis,
479 410 607 487 quia
636 407 820 475 omnis,
872 409 962 485 qui
1009 407 1258 483 dimissrit
1294 426 1508 465 uxorem
1537 405 1714 484 fitam,
1783 429 1992 492 excep-

261 489 323 549 t'a
370 487 757 547 fornicationis
799 486 984 557 causa,
1035 490 1183 566 facit
1221 509 1338 546 eam
1374 488 1630 549 maechczri
1651 511 1668 554 ;
1715 487 1756 546 fi
1803 490 1860 549 id
1906 493 1994 552 di-

265 585 419 640 cant,
466 568 721 646 inquam,
766 588 880 627 non
903 568 1093 628 solum
1120 567 1328 627 frustra
1369 569 1658 636 laborant,
1699 569 1993 636 sedetiam
2078 642 2086 649 κ

263 666 468 710 contra
520 650 575 707 se
615 660 875 729 pugnant
894 648 1019 728 ipsi,
1063 649 1528 730 quandoquidem
1546 648 1697 708 illius
1714 655 1997 729 generalis

265 729 672 810 prohibitionis
713 732 775 789 &
811 730 1065 790 mandati
1106 730 1179 790 de
1223 752 1323 791 non
1348 731 1589 811 jurando
1625 730 1846 792 nullam
1895 756 1995 796 ex-

265 811 593 891 ceptionem
636 812 955 891 producere
992 811 1247 892 poffunt,
1295 832 1468 892 quam
1519 812 1673 872 Deus
1717 813 1847 892 post
1875 815 1997 877 fac-

267 907 391 952 tam
432 913 535 973 per
585 892 878 952 Christum
928 892 1380 972 prohibitionem
1416 890 1630 953 alicubi
1689 892 1793 954 sub
1837 916 1997 959 novo

268 972 490 1034 foedere
538 988 659 1033 tarn
710 973 861 1033 clare
898 975 1250 1054 exprefferit,
1314 989 1381 1035 ut
1430 974 1486 1034 in
1529 971 1641 1054 ipsi
1686 975 1994 1052 prohibiti-

268 1075 381 1115 one
431 1056 535 1114 fit:
582 1053 823 1134 proinde
863 1054 902 1112 fi
948 1056 1202 1115 Chri-stus
1236 1054 1565 1133 juramenta
1620 1053 1741 1126 illa,
1788 1062 2000 1136 quoefi-

270 1150 367 1196 unt
415 1158 591 1214 coram
641 1138 1059 1216 Magistratibus
1106 1136 1366 1216 excipere
1414 1135 1704 1205 voluiffet‚
1753 1136 1867 1198 fine
1894 1141 1998 1200 du-

271 1217 372 1277 bio
442 1217 499 1275 id
553 1218 902 1297 expreffiffet
950 1216 1221 1287 formula,
1286 1219 1381 1276 nit
1430 1222 1485 1276 in
1524 1217 1745 1298 judicie,
1825 1242 2003 1283 coram

272 1300 604 1379 magistratu,
671 1313 771 1356 aut
814 1297 1024 1365 fimili;
1090 1298 1232 1356 ficut
1278 1298 1413 1357 fecit
1454 1299 1510 1356 in
1562 1298 1738 1357 titulo
1795 1300 1866 1360 de
1914 1303 2001 1362 di-

272 1379 490 1448 vorti0,
537 1379 620 1436 his
667 1378 876 1447 verbiS,
950 1380 1167 1454 exceptd
1189 1381 1563 1458 fornicationis
1605 1380 1767 1456 causei
1787 1403 1807 1438 .·
1871 1402 2003 1462 quae

274 1461 410 1518 cum
464 1459 544 1517 ita
587 1457 714 1528 fint‚
760 1458 1202 1539 haudquaquam
1251 1459 1416 1519 nobis
1460 1459 1659 1518 licebit
1706 1459 1801 1519 hic
1849 1466 2003 1524 exci-

270 1559 409 1619 pere
459 1554 559 1598 aut
593 1538 961 1618 distinguere,
1006 1540 1121 1610 vel,
1167 1539 1330 1619 quod
1357 1539 1506 1598 idem
1525 1539 1627 1609 est,
1674 1544 2005 1619 generalem

275 1620 488 1679 Christi
538 1619 986 1698 prohibitionem
1025 1640 1338 1686 enervare·,
1403 1620 1594 1680 multo
1641 1621 1829 1682 minus
1882 1625 2006 1686 san-

272 1702 458 1760 ctitati
507 1700 846 1760 Christianae
877 1701 1315 1761 consentaneum
1355 1701 1486 1772 erit,
1533 1700 1772 1762 crimina
1802 1719 1892 1765 tot
1908 1705 2007 1785 ju·

274 1797 699 1851 ramentorum,
746 1802 875 1860 quae
913 1785 1117 1861 paffi'm
1174 1782 1229 1842 in
1275 1784 1418 1842 orbe
1459 1780 1785 1844 Christiano
1820 1786 1879 1845 vi
1904 1789 2007 1848 hu-

263 1862 360 1941 jus
388 1862 738 1941 exceptionis
779 1883 847 1923 ac
897 1862 1248 1943 corruptelae
1293 1864 1464 1936 fiunt,
1510 1864 1566 1923 in
1588 1863 1780 1944 capita
1812 1867 2006 1930 nostra

276 1944 590 2004 cumulare.

360 2026 423 2083 N
439 2044 627 2096 EQUE
679 2024 819 2084 vero
881 2024 974 2082 hic
1025 2023 1415 2084 omittendum
1469 2026 1569 2096 est,
1636 2027 1793 2106 quod
1853 2030 2009 2092 haud

276 2104 453 2165 dubie
500 2124 698 2163 omnes
740 2104 947 2164 eruditi
988 2104 1252 2164 doctores
1302 2125 1776 2187 quarumcunque
1831 2110 2006 2172 secta-

278 2206 411 2244 rum
451 2186 684 2256 norunt,
730 2184 1004 2264 praedicta
1045 2187 1224 2246 verba
1265 2186 1322 2245 in
1364 2186 1546 2247 tribus
1581 2187 1878 2266 prioribus
1926 2194 2007 2254 se-‘

274 2266 416 2326 culis
457 2265 587 2345 post
625 2265 921 2327 Christum
961 2281 1165 2326 natum
1213 2266 1284 2327 de
1313 2266 1702 2346 prohibitione
1730 2289 2009 2349 quorum-

274 2347 361 2406 vis
397 2346 854 2424 juramentorum
903 2348 979 2406 ab
1008 2347 1252 2427 antiquis
1300 2348 1560 2428 patribus
1595 2347 1882 2414 intelle-&a
1917 2355 2009 2416 fu·-

275 2427 411 2488 iffe:
458 2448 575 2488 non
624 2427 825 2504 injuria
876 2427 1057 2508 igitur
1100 2429 1402 2501 miramur,
1450 2429 1710 2510 Pap'ales¹
1742 2431 2009 2498 doctores

275 2508 340 2568 δε
380 2509 670 2569 sacrificos
726 2508 1058 2587 juramento
1090 2509 1145 2569 se
1184 2510 1560 2591 obstringere,
1633 2513 1792 2591 quod
1829 2517 2010 2580 velint

276 2590 638 2669 Scripturam
685 2589 903 2649 sacram
940 2590 1163 2670 semper
1211 2591 1502 2672 explicare
1540 2591 1849 2656 secundum
1878 2600 2008 2659 uni-

274 2670 553 2732 versalem
593 2670 1008 2751 expositionem
1053 2671 1425 2752 antiquorum
1473 2689 1730 2753 patrum,
1775 2679 1873 2756 qui
1922 2694 2010 2740 ta-

278 2773 414 2812 men
462 2766 650 2829 textus
702 2753 1099 2812 controversos
1142 2754 1200 2812 in
1255 2773 1466 2834 genere
1501 2755 1670 2815 aliter
1715 2755 2010 2821 intellexe-

275 2849 432 2903 runt,
500 2852 568 2890 ac
605 2831 693 2891 isti
734 2833 1002 2892 moderni
1041 2834 1306 2893 doctores
1365 2835 1534 2895 hodie
1570 2835 1823 2898 faciunt.-
1885 2841 2008 2902 imo
2075 2845 2080 2846 ⁷

278 2914 408 2975 inde
462 2912 636 2972 etiam
678 2914 899 2974 vanitas
935 2914 995 2973 &
1057 2913 1233 2975 inanis
1281 2916 1569 2988 certitudo
1632 2919 2004 2982 traditionum

277 2991 588 3075 Papalium
642 2993 863 3072 liquido
904 2996 1101 3075 patet;
1145 3016 1277 3056 nam
1310 2996 1351 3054 si
1399 3017 1471 3056 ex
1506 2998 1724 3078 scriptis
1745 3016 2003 3080 patrum,

278 3076 355 3134 fic
391 3075 702 3144 dictorum,
776 3074 918 3134 fides
953 3074 1204 3136 ecclefiae
1250 3077 1486 3137 illorum
1544 3079 1866 3140 seculorum
1905 3083 2005 3143 de-

281 3154 587 3214 monstrari
625 3156 851 3232 potest,
898 3155 1092 3236 utique
1131 3156 1217 3221 illi
1253 3157 1284 3214 ἒι
1311 3158 1426 3219 fide
1459 3159 1711 3229 ecclefiae
1731 3161 2002 3240 priorum

279 3235 457 3298 trium
497 3233 835 3300 ‘seculorum
905 3235 962 3296 in
1008 3238 1229 3322 puncto
1282 3238 1356 3303 de
1422 3239 1810 3321 prohibitione
1841 3240 2002 3320 jura-

1160 3339 1167 3346 ·
1670 3336 2000 3386 mentorum
