2086 3640
93 174 98 179 .
798 115 890 181 De
921 116 1326 196 Justtficatione.
1761 145 1872 206 195

127 218 367 301 faffone,
423 215 694 295 precibus,
765 215 1052 297 lachrymis
1091 239 1155 279 ex
1187 221 1307 295 fide
1334 222 1586 301 prcffettis
1622 223 1875 298 impetra-

24 305 26 309 ’
143 322 259 360 mus
275 322 295 358 .·
343 298 445 376 sed
477 320 582 360 non
636 318 898 359 meremur
933 302 1155 377 proprie
1197 301 1466 382 loquendo,
1547 325 1610 362 ae
1647 306 1877 380 proinde

136 385 482 460 impetramus
523 379 858 456 remgffionem
881 394 1217 458 peccatorum
1257 403 1360 443 non
1402 386 1586 443 merito
1614 389 1872 462 pceniten-⁴

133 466 232 523 tiae
265 462 338 524 ἔθ’
375 464 698 542 precationis
736 462 944 539 nostrae,
972 461 1074 539 st'd
1121 463 1476 540 misericordia
1517 466 1589 526 &2²
1639 467 1871 549 benigni-

132 557 253 605 tate
274 545 403 606 Dei.
487 541 851 611 Innocentius
868 541 1214 614 Gentiletus,
1250 544 1681 623 jurisconsultus
1702 568 1875 630 mag.

131 625 191 684 ni
232 624 481 685 nominis
540 624 690 685 inter
733 622 1143 694 Protestante3‚
1216 625 1274 684 in
1319 628 1585 688 examine
1640 615 1868 692 concilii

132 705 466 774 Tridentini
515 705 771 766 Genevae
795 703 1004 765 excuso
1045 725 1196 765 anno
1247 708 1419 781 1586.
1470 729 1606 789 pag.
1640 710 1739 782 66,
1766 711 1873 791 67.'

129 785 205 843 de
238 783 421 864 justif.
463 787 646 868 pauli)
688 785 820 847 ante
875 784 948 844 de
991 783 1107 844 fide
1161 786 1225 845 δε
1284 788 1557 866 operibus
1602 789 1869 854 differens

126 865 254 926 haec
301 867 466 927 addit
509 869 707 927 verba.
790 865 948 947 Namv
984 867 1103 926 ciem
1131 889 1239 927 una
1263 869 1385 944 stne
1420 868 1601 930 altera
1653 872 1748 953 ff
1772 894 1864 933 ne·

124 961 301 1028 queat,
367 949 552 1009 ambas
598 950 906 1030 conjunttim
972 949 1152 1025 causas
1204 951 1626 1026 instrumentales
1691 955 1862 1017 dicere

112 1031 394 1110 poffiemus.
479 1029 766 1090 Zanchius
798 1029 988 1104 lib.·5.
1039 1030 1110 1088 de
1158 1031 1362 1090 natur&
1409 1031 1536 1091 Dei.
1580 1032 1708 1093 Non
1721 1037 1862 1110 stm-

111 1111 335 1188 pliciter
374 1132 620 1193 negamus
650 1112 786 1172 bona
822 1127 985 1189 opera
1027 1110 1122 1191 effl’
1163 1113 1372 1189 causam
1394 1113 1612 1190 salutis,
1676 1118 1862 1193 nempe²

119 1193 568 1270 instrumentalem
577 1196 753 1271 potius
779 1194 940 1273 quam
987 1194 1284 1269 efficientem
1306 1192 1535 1272 causam,
1580 1214 1738 1272 quam
1759 1217 1858 1255 vo-

118 1277 382 1350 cantfine
417 1275 527 1354 qua·
573 1294 694 1334 non.
780 1273 862 1333 Et
882 1275 1102 1355 postea.
1148 1275 1300 1334 Bona
1328 1292 1489 1352 opera
1531 1277 1687 1352 causa
1725 1278 1859 1355 sunt

115 1356 535 1431 instrumentalis
586 1354 895 1436 poffiffionz's
946 1359 1077 1415 vita:
1139 1370 1349 1416 aeterna’
1368 1379 1386 1415 .·
1442 1373 1546 1434 per
1573 1358 1682 1416 hoec
1714 1362 1855 1417 enim

111 1448 371 1518 tanquam
389 1454 493 1515 per
538 1438 711 1497 media
747 1437 818 1499 69⁹
855 1435 1142 1519 legitimam
1189 1441 1343 1498 viam
1389 1437 1538 1497 ducet
1576 1459 1666 1497 nos
1700 1440 1854 1505 Deus

115 1520 175 1576 in
211 1518 549 1598 poſjiefflonem
590 1522 724 1582 vitae
757 1532 984 1580 aeternoe.
1072 1519 1150 1576 G.
1204 1518 1475 1578 Amefius
1520 1517 1575 1577 in
1620 1519 1853 1580 medul-

114 1598 170 1659 lfi
232 1601 290 1658 S.
340 1599 699 1679 Theologiae
742 1599 846 1659 lib.
892 1618 946 1657 2.
995 1619 1121 1677 cap.
1175 1620 1224 1658 1.
1283 1597 1424 1658 thefi
1476 1619 1571 1675 30.
1617 1601 1850 1661 obedien-

113 1682 203 1738 tia
250 1679 486 1760 (inquit)
523 1682 721 1756 nostra,
767 1678 887 1739 licet
934 1701 1036 1740 non
1062 1681 1142 1755 stt
1179 1678 1500 1757 principalis
1549 1693 1644 1739 aut
1690 1686 1850 1742 meri-

112 1763 260 1821 toria
295 1763 450 1839 causa
487 1766 619 1821 vitae
658 1774 889 1831 oeternoe,
950 1762 1020 1836 est
1061 1774 1238 1820 tamen
1285 1760 1442 1839 causa
1485 1761 1663 1845 atiquo
1704 1764 1850 1824 modo
1932 1760 1935 1763 ¹

110 1843 515 1919 administrans,
560 1842 848 1923 adjuvans,
896 1843 965 1902 [9²
979 1859 1290 1919 promovens
1310 1847 1490 1919 versus
1506 1844 1847 1922 poſjeffionem

111 1924 269 2005 hujus
311 1927 467 1984 vitae.
550 1923 874 1984 Richardus
921 1924 1135 1983 Baxter
1182 1923 1359 1982 etiam
1397 1925 1455 1982 in
1485 1923 1638 1984 libro
1673 1925 1844 2005 supra

109 2006 312 2077 citam,
364 2025 500 2085 pag.
554 2022 687 2080 155.
757 2003 859 2075 ait,
901 2026 991 2063 nos
1043 2007 1337 2087 justificari
1397 2005 1634 2082 operibus
1671 2008 1845 2072 eodem

104 2107 294 2168 genere
346 2085 674 2162 causalitatis
712 2107 870 2167 quam
896 2084 1031 2162 fide,
1074 2086 1321 2146 videlicet
1354 2088 1500 2167 quast
1529 2103 1635 2165 per
1661 2090 1846 2167 causas

91 2170 213 2245 stne
253 2169 438 2249 quibus
476 2190 600 2240 non,
649 2170 747 2248 seu
794 2167 1096 2228 conditiones
1139 2171 1266 2228 novi
1297 2168 1518 2247 faederis
1562 2171 1598 2228 a
1658 2172 1843 2246 nostrd

100 2262 268 2327 parte
307 2253 584 2330 requzfitas
631 2250 707 2310 ad
725 2251 1165 2331 justificationem.
1251 2249 1333 2309 Et
1368 2270 1505 2330 pag.
1558 2270 1690 2329 195.
1734 2252 1837 2323 ait,

106 2353 210 2391 non
250 2331 433 2411 neceffi’
474 2332 569 2412 effi’
603 2332 806 2391 dotium
854 2331 1081 2410 aliquem
1122 2332 1395 2407 instruere,
1458 2335 1550 2412 qui
1607 2332 1837 2408 Pontifi-

106 2415 308 2474 ciorum
315 2416 517 2494 scripta
539 2412 680 2495 legit,
725 2413 965 2495 quomodo
995 2413 1105 2473 hoec
1128 2414 1375 2474 dofflrina
1393 2414 1547 2473 abiis
1567 2413 1778 2488 diffidet.

186 2496 328 2556 SED
370 2496 630 2576 denique,
703 2495 836 2575 quia
885 2495 1117 2574 expedit
1163 2496 1275 2554 hoc
1312 2494 1445 2553 loco
1482 2494 1701 2572 aliquid
1747 2493 1835 2552 di-

104 2595 233 2637 cere
273 2577 347 2636 de
383 2579 593 2636 merito
614 2576 706 2637 seu
735 2577 995 2637 mercede
1021 2597 1288 2656 operum,
1332 2576 1602 2655 quaedam
1622 2574 1833 2635 addam

103 2657 176 2716 de
217 2658 371 2717 sensu
406 2658 469 2717 &
517 2659 633 2718 fide
680 2658 875 2720 nostrii
913 2657 1021 2716 hac
1076 2656 1133 2717 in
1178 2677 1289 2723 re·,
1333 2655 1715 2736 nequeenim
1733 2678 1832 2716 ex-

106 2736 440 2811 istimamu8‚
484 2759 667 2819 neque
722 2739 1025 2809 credimu3‚
1072 2738 1369 2798 hominem
1419 2735 1636 2816 aliquid
1691 2758 1832 2817 ope-

104 2818 263 2879 ribus
308 2820 415 2880 suis
449 2819 482 2878 ῖι
533 2820 669 2882 Deo
719 2820 949 2890 mereri,
1024 2822 1158 2879 cum
1208 2835 1398 2878 totum
1441 2817 1511 2876 fit
1554 2838 1623 2878 ex
1670 2819 1829 2878 mera

101 2898 220 2978 ejus
258 2901 468 2980 gratia,
539 2901 781 2983 ideoque
836 2922 1113 2981 negamus
1171 2899 1384 2980 Papale
1442 2899 1715 2959 meritum
1763 2922 1829 2959 ex·

100 2981 387 3062 condigno;
449 3002 661 3062 negare
700 2999 894 3043 autem
931 3002 1047 3042 non
1096 2982 1412 3062 poffumu3‚
1482 2981 1619 3062 quin
1670 2979 1850 3044 Deusv

99 3082 173 3121 ex
210 3062 432 3122 infinita
477 3063 572 3122 suit
595 3063 852 3125 bonitate
873 3063 1011 3143 (quii
1048 3083 1227 3143 genus
1254 3063 1569 3123 humanum
1599 3061 1826 3141 dilexit)

102 3142 410 3225 postquam
431 3144 945 3205 communicaverit
969 3144 1020 3203 ei
1047 3145 1298 3222 gratiam
1334 3144 1396 3202 &
1430 3142 1707 3224 Spiritum
1734 3142 1824 3201 su-

102 3241 227 3294 um,
270 3224 445 3287 etiam
493 3225 797 3286 secundum
867 3225 1292 3306 beneplacitum
1334 3224 1504 3303 ipsius
1559 3242 1857 3302 remunes

106 3319 263 3370 tatur
300 3308 456 3372 bona
508 3306 769 3373 filiorum
806 3306 1044 3450 suobum
1084 3327 1260 3388 opera
1292 3328 1306 3365 z
1348 3307 1542 3389 itaque
1577 3305 1670 3368 hec
1701 3311 1825 3399 ‘mel

1006 3405 1036 3448 2
1434 3408 1437 3411 ·
1657 3398 1824 3448 ritum
