2086 3640
126 220 174 228 .‚
200 219 395 233 qh„
784 143 873 205 De
914 141 1194 223 Bapttstno:
1208 154 1218 165 '⁸
1244 180 1247 182 —
1709 165 1741 221 3
1755 148 1827 222 7⁴3

34 311 36 313 ,
104 249 419 322 affirmant,
464 250 599 310 cum
628 249 741 310 hoc
783 251 814 308 a
849 250 1167 312 Pontificiis
1189 262 1464 329 urgeatur
1495 245 1569 306 ad
1603 247 1830 307 absolu-

12 397 16 399 ,
105 344 229 388 tam
271 331 542 411 baptismi
581 351 745 412 aquae
783 334 1168 393 necesfitatem
1208 326 1599 400 evincendam,
1649 329 1826 406 quod,

104 430 213 488 per
247 434 439 493 aquam
480 413 592 472 hoc
620 413 775 483 loco,
822 412 1127 473 materialis
1162 427 1396 472 externa
1436 429 1583 490 aqua
1611 429 1726 467 non
1749 409 1829 466 est

104 491 519 573 intelligenda3
583 491 680 551 sed
728 492 895 571 'quod
937 494 1176 573 mystice
1238 494 1349 553 hoc
1395 492 1531 551 loco
1569 487 1830 569 loquitur

105 573 364 632 Christus
423 575 494 634 de
549 572 765 634 interna
849 573 1210 634 urificatione
1250 575 1311 633 &
1358 572 1677 642 ablutione,
1738 585 1825 640 ut,

102 653 205 713 ubi
246 654 502 733 loquitur
527 654 600 713 de
629 653 789 733 bapti
816 653 960 713 moi
1007 654 1112 725 niS‚
1158 674 1274 712 non
1313 654 1384 714 de
1426 669 1665 713 externo
1708 670 1830 710 rna-

101 734 289 793 teriali
309 735 430 814 igni
472 733 910 815 intelligendum
937 754 966 793 e
1021 778 1039 805 ,
1084 735 1177 794 sed
1199 735 1269 794 de
1297 734 1698 815 purificatione
1726 751 1829 811 per

100 819 508 896 metonymiam3
550 816 682 896 quia
721 815 1031 896 purificare
1067 816 1150 875 est
1179 815 1446 897 proprius
1476 815 1708 875 effeetus
1739 814 1827 891 ig-

99 895 208 966 niS,
275 895 418 957 ficut
465 897 695 959 abluere
735 896 798 956 &
840 897 1118 957 mundare
1165 899 1247 956 est
1289 916 1455 977 aquae
1498 921 1516 963 ·,
1588 895 1853 973 ideoque.

99 976 398 1058 Scriptura
444 978 518 1039 ad
556 996 765 1058 aquarn
814 977 1043 1050 alludit,
1086 978 1185 1038 ubi
1234 980 1304 1038 de
1332 978 1395 1037 e&
1438 976 1685 1055 intelligi
1711 995 1829 1033 non

99 1060 310 1137 potest,
373 1059 581 1140 nempe
617 1059 719 1121 ubi
757 1058 1006 1119 dicimur
1043 1059 1183 1134 salvi
1229 1060 1356 1119 fieri
1396 1079 1498 1139 per
1547 1057 1830 1117 lavacrum

101 1143 504 1221 regenerationis
527 1161 549 1198 .·
606 1139 729 1200 imo
780 1140 986 1199 Petrus
1025 1139 1227 1199 diserte
1268 1141 1350 1199 ait
1389 1140 1446 1198 in
1505 1138 1639 1198 loco
1680 1136 1828 1215 saepe

100 1220 235 1281 ante
256 1223 456 1293 citat0,
502 1237 569 1281 ut
607 1221 782 1282 etiam
825 1221 969 1281 bene
998 1221 1263 1282 observat
1290 1220 1585 1290 CalvinuS,
1632 1218 1666 1251 *
1697 1219 1827 1295 bap-

97 1303 324 1378 tismum,
367 1305 457 1384 qui
488 1300 697 1380 salvat,
743 1323 844 1363 non
891 1302 986 1382 effe
1032 1301 1346 1362 ablutionem
1373 1301 1612 1380 ffirdium
1650 1316 1827 1378 corpo-

103 1386 198 1442 ris.
286 1385 443 1469 Qia
469 1381 650 1463 igitur
689 1404 835 1464 aqua
877 1383 1149 1444 hocloco
1186 1383 1258 1444 de
1297 1384 1529 1443 externa
1559 1382 1703 1463 aqua
1742 1382 1827 1439 in-

98 1463 284 1544 telligi
329 1485 446 1524 non
506 1465 715 1544 potest,
777 1466 886 1524 hoc
934 1465 1075 1524 nihil
1133 1464 1206 1524 ad
1254 1464 1606 1544 baptismum
1660 1483 1828 1543 aquae

98 1545 471 1627 probandum
516 1545 689 1606 valet.
774 1546 831 1605 Si
874 1545 1120 1615 dicatur,
1166 1566 1375 1625 aquam
1412 1546 1523 1605 hoc
1564 1546 1697 1605 loco
1743 1544 1826 1603 in—

97 1626 248 1687 ferre
293 1626 628 1701 neceffitatem
658 1630 936 1706 praecepti,
999 1626 1134 1686 licet
1174 1647 1288 1686 non
1337 1626 1536 1686 medii:
1606 1628 1718 1686 hoc
1745 1627 1827 1685 est

99 1707 362 1788 primum
410 1726 523 1786 pro
581 1709 842 1768 conceffo
875 1707 1118 1767 ‘sumere
1165 1728 1375 1786 aquam
1419 1708 1513 1767 hie
1569 1729 1679 1788 pro
1729 1712 1827 1767 ex-

96 1788 259 1850 terna
296 1791 443 1870 aqua
490 1788 647 1868 poni,
691 1787 849 1867 cujus
895 1788 1246 1848 contrarium
1296 1789 1563 1849 hactenus
1610 1791 1828 1870 proba·

95 1886 226 1931 tum
243 1871 343 1930 est.
427 1868 672 1941 Deinde,
715 1891 863 1950 aqua
888 1870 950 1928 ὅτ
987 1870 1231 1949 Spiritus
1267 1869 1464 1929 hocin
1493 1871 1627 1930 loco
1656 1870 1824 1947 juxta

100 1967 418 2033 ponuntur,
462 1953 562 2028 ⁷1²st
598 1954 712 2031 quis
750 1963 966 2011 renatus
1000 1953 1176 2030 fuerit
1213 1971 1276 2010 ex
1319 1951 1461 2031 aqud
1504 1953 1572 2013 ἐξ
1595 1954 1821 2030 Spiritu,

0 2094 1 2120 ᾖ
99 2034 203 2094 ubi
240 2033 403 2092 unius
445 2034 735 2091 neceffitas
773 2053 890 2093 non
919 2034 1126 2101 minim,
1173 2032 1350 2110 quam
1381 2032 1612 2091 alterius
1654 2054 1825 2113 urge-

99 2131 213 2176 tur.
293 2113 576 2189 Srautem
617 2111 856 2193 Spiritus
896 2112 1135 2174 omnino
1179 2112 1510 2172 neceffarius
1552 2114 1640 2184 fit,
1688 2132 1826 2175 tunc

98 2196 276 2256 etiam
312 2194 422 2254 erit
462 2211 630 2273 aqua,
696 2194 775 2254 ita
810 2208 878 2253 ut
923 2194 1018 2253 vel
1066 2209 1335 2274 oporteat
1373 2194 1582 2267 dicere,
1628 2199 1831 2273 renasci

94 2299 163 2339 ex
208 2278 434 2356 Spiritu,
479 2295 595 2335 non
642 2275 751 2335 esse
787 2273 1045 2336 absolute
1084 2274 1471 2345 neceffarium,
1516 2276 1673 2357 quod
1696 2298 1825 2337 om-

97 2378 195 2419 nes
232 2358 483 2418 fatentur
527 2358 635 2416 esse
678 2355 923 2422 falsum·‚
968 2356 1062 2416 vel
1103 2377 1314 2435 aquam
1343 2358 1451 2416 esse
1491 2357 1826 2438 simpliciter
1920 2429 1923 2432 .

96 2438 484 2507 necessariam,
529 2437 689 2517 quod
726 2452 792 2496 ut
829 2438 1213 2497 Protestantes
1242 2437 1318 2496 sic
1346 2458 1449 2498 nos
1498 2459 1726 2518 quoque
1764 2441 1825 2498 δε

98 2519 516 2582 affirmavimus
562 2519 622 2578 ὅτ
657 2516 1032 2600 probavimus
1071 2520 1179 2578 effe
1208 2516 1409 2577 falsum
1442 2537 1455 2576 ε
1499 2520 1594 2579 vel
1641 2521 1823 2580 confi-

56 2672 58 2674 ,
98 2605 209 2663 teri
250 2615 542 2681 oporteat,
587 2619 797 2680 aquam
840 2599 950 2658 hoc
988 2598 1120 2658 loco
1160 2620 1274 2658 non
1309 2600 1378 2657 de
1415 2615 1647 2662 externa
1677 2603 1824 2681 aqua

99 2683 365 2765 intelligi.
448 2682 508 2741 Si
547 2681 671 2760 quis
710 2680 861 2740 enim
911 2679 1195 2739 obstinate
1236 2678 1411 2750 dicat,
1457 2680 1554 2740 ubi
1622 2702 1734 2762 qua
1762 2683 1826 2741 δε

102 2764 343 2846 Spiritus
362 2761 532 2843 juxta
568 2760 735 2823 fimul
777 2775 1070 2841 ponuntur
1090 2760 1406 2839 eodemque
1448 2697 1644 2847 modg,
1692 2763 1826 2825 licet

100 2846 263 2907 nulla
297 2842 616 2903 differentia
663 2862 766 2902 nec
806 2841 968 2901 causa
1009 2839 1372 2901 distinctionis
1415 2841 1469 2899 in
1518 2857 1692 2906 textu*
1720 2867 1821 2926 ap—

101 2941 324 3007 pareat,
369 2926 751 2984 neceffitatem
780 2942 941 3002 aquae
980 2920 1091 2981 hoc
1121 2922 1252 2981 loco
1291 2921 1398 2981 effe
1410 2929 1680 3002 proecepti,
1733 2927 1821 2986 sed

98 3029 216 3068 non
256 3007 433 3076 medii,
477 3003 722 3085 Spiritus
755 3002 896 3062 vero
937 3004 1320 3062 necessitatem
1348 3005 1452 3063 effe
1483 3004 1543 3062 δε
1585 3006 1825 3066 medii&

93 3091 374 3169 praecepti,
423 3087 532 3148 hoc
568 3085 678 3147 erit
718 3084 978 3165 equidem
1002 3084 1352 3146 confidenter
1382 3086 1691 3159 affirmare,
1734 3088 1827 3148 sed

102 3192 220 3232 non
260 3169 531 3251 probare.

995 3247 1043 3307 B
1072 3248 1112 3308 b
1144 3269 1174 3326 3
1339 3263 1341 3265 ’
1590 3251 1823 3323 SEXTO,

167 3427 200 3490 35
234 3428 325 3483 Tit.
354 3425 424 3480 iii.
453 3436 498 3490 5·
541 3422 687 3490 instit.
722 3421 800 3476 155.
840 3434 888 3483 4.
922 3435 1012 3488 cap.
1057 3433 1133 3485 ¹5·
