2086 3640
223 120 344 177 412
431 99 812 171 THESJS
893 94 1334 158 DECIMA
1374 95 1786 159 TERTIA.

212 208 365 283 poris
391 227 506 265 cum
524 222 670 283 pane
688 204 802 282 effe,
849 202 959 262 &a
1005 201 1069 260 δε
1105 201 1299 264 revera
1349 204 1420 263 de
1457 202 1690 263 Calvino
1727 205 1785 266 in
1840 205 1951 267 hac

223 306 289 347 re
323 289 554 365 propitie
600 284 876 345 admodum
907 283 1131 362 judic0,
1203 285 1360 364 quod
1407 287 1487 344 ita
1539 287 1754 366 ingenue*
1798 288 1943 368 agit,

223 367 578 437 confitend0‚
623 366 766 447 quod
798 387 912 425 rem
955 387 1047 425 nec
1084 366 1502 444 comprehendat,
1546 387 1636 426 nec
1650 371 1947 446 exprimere

213 450 385 526 poffit‚
456 448 550 506 sed
587 463 780 507 tamen
805 446 1040 525 senstbili
1091 449 1418 526 experientid
1477 446 1666 507 dicere
1730 450 1942 528 potest,

219 530 387 609 acteffi
424 530 500 589 ibi
538 529 825 589 Dominum
866 528 1012 588 modo
1051 527 1269 608 quodam
1295 527 1614 608 spirituali3
1679 528 1825 589 ficut
1843 550 1945 589 au-

219 628 340 669 tem
388 630 504 669 non
539 609 767 682 dubim,
811 610 952 691 quin
995 610 1266 670 Calvinus
1302 609 1609 691 aliquando
1635 610 1947 691 hujusprae-
2021 635 2026 643 ·

203 694 391 770 sentia>
412 692 619 769 senfitm
665 691 952 762 habuerit,
1024 691 1199 751 etiam
1239 705 1395 751 extra
1450 693 1604 772 hujus
1640 695 1951 769 ‘ceremonia’

221 774 389 851 usum,
431 772 531 843 ita,
579 773 722 833 ficut
754 773 858 834 illa
903 772 1269 854 intelligentia,
1315 772 1417 831 eia
1449 773 1580 833 Deo
1608 770 1764 843 data,
1810 793 1945 832 eurn

221 853 455 933 rejicere
500 853 639 914 fecit
646 855 825 935 falsas
871 855 1436 932 transubstantiationis
1475 854 1536 912 &
1581 855 1953 932 consubstanti-

220 939 414 996 ationis
457 940 702 1007 notiones,
748 937 882 997 licet
920 935 1174 1006 nesciret,
1233 935 1373 1015 quid
1412 955 1614 995 eorum
1656 935 1789 995 loco
1831 934 1945 994 sta-

221 1016 437 1088 biliret,
483 1017 524 1075 fi
574 1017 768 1078 debite
805 1017 1123 1079 attendisset
1168 1020 1224 1078 in
1265 1017 1360 1077 illo
1400 1018 1616 1087 lumine,
1661 1016 1820 1097 quod
1835 1037 1947 1077 om·

218 1101 316 1159 nia
361 1097 651 1178 patefacit,
696 1100 756 1157 δε
805 1120 921 1159 non
962 1097 1129 1157 nimis
1185 1098 1493 1159 laborasset
1528 1103 1584 1159 in
1618 1099 1948 1176 comprehen-

203 1181 361 1258 sione
390 1182 516 1258 sita,
593 1181 750 1260 apud
791 1180 846 1239 se
896 1179 1181 1239 resolvens
1228 1183 1454 1240 externis
1501 1182 1795 1240 ceremoniis
1842 1178 1948 1239 ad-

220 1261 459 1332 hae-rere,
503 1260 564 1318 ὅτ
593 1261 836 1321 statuens
864 1261 1218 1341 spiritualem
1242 1261 1625 1341 praesentiam,
1672 1283 1772 1321 non
1804 1261 1948 1337 Jem-

209 1354 340 1420 per,
385 1357 602 1400 tarnem
635 1345 908 1419 praecipue*
945 1342 1006 1399 δε
1038 1342 1435 1419 principaliter,
1481 1341 1553 1401 ad
1588 1362 1678 1402 eas
1725 1341 1947 1412 referri,

221 1421 412 1482 multi)
453 1420 700 1482 foelicit1s
750 1426 901 1502 hujus
956 1425 1183 1502 mysterii
1214 1425 1539 1502 cognitionem
1572 1423 1799 1504 adipisci
1840 1442 1946 1501 po-

219 1503 429 1573 tuiffet,
474 1501 594 1562 ime
637 1504 867 1575 melius,
910 1502 1090 1582 quam
1130 1503 1410 1582 plerique,
1455 1504 1556 1583 qui
1601 1502 1654 1562 ei
1700 1504 1950 1564 anteive-

222 1599 374 1645 runa

299 1664 410 1728 XI.
457 1665 786 1740 Deman,
834 1664 874 1723 fi
925 1664 1100 1744 aliqui
1136 1664 1310 1735 hodie,
1374 1663 1511 1723 vera
1548 1662 1758 1724 animae
1798 1662 1951 1722 rnol-

219 1746 343 1810 litie
389 1746 451 1804 δε
494 1748 633 1808 reali
674 1767 813 1828 erga
858 1747 1055 1805 Deum
1100 1744 1438 1804 consti-enti&
1479 1744 1664 1815 duffi,
1735 1744 1836 1804 has
1855 1765 1949 1803 cce·

217 1830 481 1888 remonias
513 1827 852 1910 praestarent
886 1827 1066 1886 eadem
1107 1828 1336 1887 methodo
1380 1826 1450 1888 ἐξ
1497 1825 1662 1897 moda,
1708 1846 1806 1907 quo
1834 1836 1953 1886 ute-

217 1912 420 1970 bantur
439 1912 504 1970 iis
522 1913 800 1988 primitivi
848 1910 1144 1984 Christiani
1183 1909 1418 1988 (quibus
1458 1908 1728 1970 hastenus
1757 1907 1953 1967 nullos

219 1991 428 2052 similes
456 1991 619 2068 novi)
639 2011 755 2050 non
776 1990 1104 2051 dubitarem
1146 1990 1457 2060 affirmare,
1503 1988 1640 2069 quin
1679 2006 1785 2068 pro
1823 2001 1952 2048 tem-

207 2088 345 2152 pore
396 2074 460 2132 iis
508 2071 769 2153 indulgeri
807 2071 1009 2151 poffet,
1054 2070 1116 2129 ὅτ
1157 2071 1314 2129 Deus
1354 2091 1450 2128 eos
1509 2071 1566 2129 in
1622 2089 1822 2129 earum
1859 2089 1951 2128 re-··

215 2171 350 2213 rum
387 2152 487 2212 usu
530 2154 851 2233 respiceret,
898 2151 941 2209 fi
984 2151 1165 2211 modo
1194 2151 1315 2211 aliis
1359 2171 1448 2211 eas
1487 2150 1802 2214 obtrudere
1831 2170 1947 2210 non

215 2248 561 2312 quaererent,
606 2254 788 2314 neque
835 2253 931 2293 eos
963 2232 1442 2302 ¹'condemnarenn
1505 2231 1603 2310 qui
1639 2231 1692 2290 se
1733 2232 1807 2291 ab
1835 2230 1950 2291 illis

215 2313 491 2376 liberatos
530 2315 812 2385 senserint,
857 2330 961 2374 aut
998 2313 1098 2394 qui
1144 2314 1210 2373 iis
1266 2334 1383 2374 non
1429 2311 1798 2391 pertinaciter
1844 2311 1950 2373 ad-

215 2397 523 2468 haererent,
569 2398 706 2457 cum
753 2395 787 2452 a
831 2395 1090 2459 Domino
1133 2393 1357 2474 ejusque
1393 2392 1609 2474 Spiritu
1656 2392 1789 2453 inde
1810 2412 1951 2453 evo-

215 2492 438 2538 centur.
523 2477 704 2538 Certo
744 2477 898 2537 enim
931 2477 1134 2537 scimus
1174 2478 1309 2537 diem
1355 2474 1699 2545 illucescere,
1745 2473 1802 2534 in
1831 2494 1953 2555 quo

216 2559 462 2618 surrexit
503 2559 684 2630 DeuS,
728 2559 792 2618 δε
816 2558 1096 2618 valedixit
1133 2558 1366 2617 omnibus
1407 2558 1515 2632 istis
1554 2558 1847 2618 ceremoniis
1877 2555 1949 2617 &³

215 2642 430 2712 ritibus,
473 2639 536 2699 &
577 2640 852 2700 colendus
891 2640 972 2699 est
1012 2639 1199 2700 solum
1237 2643 1293 2698 in
1337 2639 1562 2715 Spiritu,
1634 2635 1803 2717 iisque
1846 2635 1947 2716 qui

216 2721 306 2782 illi
347 2722 671 2792 attendunt,
735 2737 1022 2802 apparet3
1092 2721 1153 2779 &
1192 2719 1397 2780 scimus
1436 2718 1630 2785 etiam,
1694 2717 1855 2797 quod
1891 2721 1950 2781 in

218 2804 332 2880 istis
367 2803 558 2863 Deum
602 2823 879 2882 quaer-ere,
939 2803 1021 2861 est
1043 2822 1178 2862 cum
1216 2799 1411 2861 Maria
1456 2798 1747 2859 Christum
1774 2802 1831 2858 in
1858 2801 1950 2876 se«
2009 2859 2012 2862 ,

207 2884 458 2963 pulchro,
503 2884 625 2942 imo
664 2886 858 2944 vivum
897 2887 1036 2943 inter
1063 2896 1304 2950 mortuos,
1344 2900 1639 2960 quaerere3
1683 2879 1950 2939 novimus

217 2965 397 3036 enim,
442 2964 603 3045 quod
643 2966 1007 3043 resurrexerit,
1051 2964 1114 3023 &
1150 2967 1205 3024 in
1246 2965 1450 3042 Spiritu
1494 2960 1785 3031 reveletur,
1831 2957 1945 3017 fili-

220 3066 286 3104 os
332 3047 457 3105 suos
494 3067 558 3105 ex
599 3048 709 3122 istis
747 3046 1057 3106 rudimentis
1091 3046 1353 3114 educenS,
1425 3059 1492 3103 ut
1518 3042 1709 3102 secum
1737 3039 1943 3099 ambu-

221 3127 345 3188 lent
371 3131 426 3188 in
432 3129 528 3206 fico
546 3127 762 3201 lumine,
805 3127 900 3188 vcui
928 3127 999 3187 fit
1023 3126 1215 3209 gloria
1243 3126 1300 3186 in
1337 3125 1608 3185 seculum.
1641 3123 1856 3183 Amen.-

1646 3355 1945 3421 THESIS
