2086 3640
210 124 287 165 10
482 99 1670 170 THESISSECUNDA.

197 209 288 269 Ita
321 208 713 268 Christianitas
741 205 899 284 quafi
921 226 1010 264 ars
1038 206 1242 266 effeeta
1271 205 1373 277 est,
1419 227 1552 287 quae
1582 206 1827 266 humana
1859 208 1943 268 in-

197 289 411 350 dustria
442 289 502 347 δε
532 289 731 348 labore
761 285 1101 366 acquiritur,
1146 287 1330 347 veluti
1371 288 1482 348 alia
1540 286 1820 367 quaelibet
1850 311 1941 349 ars

197 372 260 429 &
310 371 536 430 scientia
570 384 967 447 comparatur,
1011 369 1074 427 &
1122 369 1383 429 homines
1428 390 1544 428 non
1581 366 1769 427 solum
1807 368 1941 431 fibi-

199 468 322 511 met
372 449 502 530 ipsis
559 450 976 529 affumpserunt
1020 469 1231 511 nomen
1289 451 1672 527 Christianum,
1739 448 1832 508 sed
1879 451 1941 509 δι

199 531 535 613 consequuti
579 532 729 602 sunt,
777 547 844 590 ut
891 531 1315 591 aestimarentur
1358 530 1620 610 magistri
1669 529 1943 590 Christia-

196 612 413 683 nitatiS,
461 613 629 672 certis
657 613 874 672 normis
902 614 965 672 δε
991 613 1232 685 artibuS,
1267 613 1402 671 licet
1428 612 1459 668 a
1491 611 1710 690 Spiritu
1737 611 1799 670 &t
1822 611 1944 671 vita

197 694 330 772 Jesu
376 693 605 774 prorsus
634 693 802 755 alieni
845 694 970 754 fint.
1056 695 1170 754 Sed
1214 693 1254 752 fi
1298 693 1515 752 renam
1543 693 1606 751 &
1632 693 1943 773 genuinam

196 775 507 835 Christiani
536 775 935 836 definitionem
963 775 1288 846 fecerimuS,
1335 773 1624 844 videlicet,
1668 777 1757 854 qui
1784 775 1943 833 habet

195 858 451 933 Spiritum
499 858 720 935 Christi,
765 880 916 946 eoque
943 861 1123 938 agitur
1149 880 1169 915 .·
1213 871 1360 936 quot
1394 853 1765 926 ChristianOS,
1820 855 1944 914 imo

195 954 344 1016 quot
374 940 679 1019 magistros
729 939 791 997 ὅτ
823 938 1090 998 doctores
1138 936 1581 996 Christianitatis
1625 936 1730 1013 (ita
1756 935 1946 1016 vulgo

193 1019 577 1100 existimatos)
635 1020 749 1080 hoc
792 1019 977 1080 nobili
1006 1019 1203 1090 titu10‚
1255 1016 1388 1095 jure
1425 1018 1637 1078 merito
1670 1017 1942 1096 spoliabi-

195 1102 376 1160 mus?
452 1103 511 1162 Si
558 1102 737 1182 igitur
783 1102 889 1171 illi,
939 1099 1036 1180 qui
1068 1120 1268 1159 omnes
1316 1099 1459 1159 alios
1502 1097 1709 1159 sciendi
1737 1097 1946 1158 modos

193 1181 430 1255 habent,
499 1183 735 1262 satiloue
764 1182 821 1241 in
854 1183 961 1241 illis
991 1181 1250 1241 instructi
1278 1181 1429 1253 sunt,
1463 1179 1580 1241 sive
1609 1179 1681 1238 fit
1707 1195 1946 1240 externa

192 1263 510 1344 Scripturae
538 1266 727 1336 litera,
791 1263 907 1323 five
951 1263 1317 1323 ecclefiarum
1365 1261 1721 1332 traditioneS,
1767 1281 1947 1341 opera

195 1346 499 1405 creationis
548 1348 609 1405 δε
654 1345 1061 1425 providentiae,
1107 1345 1169 1403 &
1211 1365 1343 1424 quae
1391 1365 1464 1403 ex
1494 1344 1581 1415 iis,
1646 1342 1708 1401 &
1737 1341 1943 1422 saepius

192 1424 508 1500 deducunt,
555 1429 615 1486 &
645 1427 924 1488 deducere
953 1426 1184 1506 poffunt
1229 1425 1552 1486 indubitata
1597 1439 1945 1504 argumenta

193 1510 350 1586 (quae
392 1531 464 1569 ex
507 1511 559 1569 se
611 1509 799 1569 forsan
846 1509 1135 1568 veriffima
1183 1508 1336 1585 sunt)
1377 1527 1493 1566 non
1523 1522 1719 1566 tamen
1776 1505 1948 1564 Chri-

194 1589 359 1648 stiani
387 1591 748 1651 existimandi
776 1590 1090 1650 secundum
1120 1607 1339 1649 certam
1366 1589 1428 1647 δε
1456 1586 1820 1648 infallibilem
1847 1585 1945 1645 de-

194 1670 521 1732 finitionem
550 1671 955 1752 supradictam.
1041 1670 1124 1728 Et
1169 1669 1208 1727 fi
1256 1671 1476 1730 interna
1520 1668 1619 1729 illa
1647 1668 1710 1727 &
1737 1669 1946 1727 imme-

191 1751 346 1812 diata
378 1755 656 1815 revelatio
685 1753 865 1813 divini
902 1751 1148 1832 Spiritus
1178 1752 1234 1811 in
1280 1750 1476 1822 corde,
1522 1769 1642 1820 eOS,
1687 1749 1788 1830 qui
1815 1769 1944 1809 eam

192 1834 430 1907 habent,
475 1838 612 1897 vere
659 1834 1010 1895 Christianos
1055 1832 1392 1894 denominat
1434 1831 1497 1892 &
1544 1831 1744 1903 efficit,
1809 1830 1947 1891 licet

190 1915 536 1997 plerumque
589 1917 830 1976 illorum
863 1916 1182 1977 modorum
1212 1913 1420 1993 ignari,
1484 1912 1810 1977 multorum
1841 1932 1945 1992 pa-

190 2017 328 2056 rum
371 1997 631 2058 instructi
660 1998 814 2064 fint·,
880 1995 1188 2057 neceffario
1232 2001 1293 2059 &
1338 1995 1659 2055 luculenter
1687 1993 1818 2054 inde
1863 1993 1946 2052 se-

189 2080 413 2156 quitur,
459 2080 618 2159 quod
647 2081 870 2139 interna
898 2079 961 2138 &
990 2077 1323 2138 immediata
1346 2075 1624 2137 revelatio
1644 2075 1729 2136 est
1756 2074 1945 2134 solum

188 2159 288 2218 illa
320 2161 630 2222 certiffima
658 2161 720 2220 &
753 2160 1079 2221 indubitata
1105 2179 1262 2219 verae
1305 2159 1367 2218 δε
1395 2155 1704 2219 salutiferae
1742 2155 1945 2236 cogni-

190 2240 363 2300 tionis
392 2243 721 2303 methodus,
809 2242 970 2301 Sicut
1019 2242 1131 2301 hoc
1178 2256 1594 2320 argumentum
1637 2236 1945 2299 fortissime
2038 2302 2044 2310 ,

193 2323 512 2384 confirmat
568 2325 722 2384 hunc
770 2323 978 2383 sciendi
1023 2321 1290 2393 modum,
1368 2321 1695 2400 militatque
1737 2334 1943 2380 contra.

190 2403 560 2484 deneganteS,
606 2407 688 2466 ita
732 2404 790 2463 in
835 2405 949 2465 hoc
993 2403 1248 2465 maxime
1293 2419 1500 2464 notatu
1549 2402 1791 2483 dignum
1836 2399 1943 2472 est,

192 2487 355 2565 quod
398 2508 469 2546 ex
499 2486 995 2568 propositionibus
1044 2486 1123 2546 ita
1151 2485 1319 2546 claris
1362 2483 1688 2554 deducitur,
1737 2497 1806 2542 ut
1842 2481 1941 2541 ad-

193 2568 426 2627 versarii
473 2589 565 2629 eas
609 2588 821 2650 negare
866 2588 986 2627 non
1015 2568 1262 2628 valeant.
1349 2565 1533 2649 Qiod
1575 2564 1649 2626 ad
1688 2563 1943 2644 primam

193 2649 349 2708 enim
370 2651 599 2721 attinet,
631 2651 903 2711 omnibus
931 2649 1246 2709 confefl'um
1268 2647 1370 2720 est,
1402 2646 1562 2728 quod
1590 2645 1763 2706 multi
1783 2643 1943 2704 doffi

194 2729 307 2789 viri
334 2731 594 2793 damnati
624 2732 749 2792 sint.
836 2731 919 2791 Et
946 2730 1019 2791 ad
1040 2729 1367 2801 secundam,
1412 2728 1539 2807 quis
1566 2743 1762 2808 neget,
1783 2724 1945 2808 quod

196 2812 370 2871 multi
400 2812 658 2873 illiterati
686 2814 748 2871 &
774 2813 980 2872 salvari
1009 2812 1240 2892 po'ffunt
1265 2808 1684 2870 &'salvantur?
1733 2810 1946 2888 Neque

194 2894 370 2953 audet
411 2895 536 2974 quis
564 2896 854 2955 affirmare
882 2895 1042 2974 quod
1078 2913 1252 2952 nemo
1295 2892 1367 2952 ad
1406 2890 1699 2952 scientiam
1729 2889 1841 2950 Dei
1877 2889 1942 2948 δι’

193 2975 436 3035 salutem
482 2975 779 3057 perveniat
811 2975 1030 3035 interna
1082 2974 1428 3035 revelatione
1455 2972 1703 3053 Spiritus
1730 2971 1942 3050 absque

197 3056 322 3115 aliis
367 3058 476 3117 illis
515 3056 761 3118 externis
805 3058 1015 3128 modiS‚
1075 3055 1178 3116 nifi
1224 3056 1402 3116 etiam
1430 3055 1639 3116 audeat
1681 3054 1712 3111 Ξ
1758 3051 1937 3112 salute

193 3138 502 3197 excludere
526 3140 804 3210 Abelem,
849 3139 1011 3209 Seth,
1058 3138 1260 3210 Noah,
1295 3137 1626 3208 Abraham,
1685 3134 1935 3215 Jobum,

201 3235 551 3299 caeterosque
579 3222 813 3284 Santtos
843 3220 1221 3285 PatriarchaS.

1550 3296 1660 3363 IV.
1701 3296 1767 3360 N
1769 3316 1933 3360 orm
