2086 3640
266 83 347 152 80
591 83 1066 144 THESJS
1156 83 1659 165 QUINTA·

258 212 454 256 ment:
499 191 556 248 Si
579 204 879 267 peccatum
923 187 1096 257 Adae,
1143 208 1258 247 non
1286 189 1387 249 nis1
1429 190 1513 262 iis,
1561 193 1659 272 qui
1681 193 1980 256 actualiter

259 276 588 354 peccarunt,
654 267 1007 347 imputatum
1070 266 1159 339 fit,
1226 285 1362 330 tunc
1409 273 1753 351 sequeretur,
1819 279 1979 356 quod

258 374 455 413 omnes
496 349 732 409 infantes
772 348 1023 407 salvandi
1071 348 1195 410 fint.
1281 352 1391 410 Sed
1431 354 1673 414 libenter
1710 356 1980 416 volumus

258 435 450 515 potius
509 431 653 490 hanc
712 428 1066 509 suppositam
1106 432 1508 493 absurditatem
1547 436 1654 494 effe
1701 435 1979 495 doctrinae

257 514 463 573 nostrae
506 510 986 590 consequentiam,
1034 533 1208 592 quam
1251 515 1407 593 quod
1437 515 1718 574 innumeri
1741 510 1979 576 infantes

255 593 658 673 sempiternum
718 590 1056 663 crucientur,
1123 615 1241 654 non
1307 596 1388 654 sui
1422 597 1425 600 ’
1454 596 1547 655 sed
1612 596 1982 656 solummodo

255 675 409 734 Adae
452 673 674 754 peccati
710 673 892 743 causa,
936 674 1088 752 quod
1135 674 1434 735 adversarii
1459 677 1727 738 videntur
1761 699 1876 737 non
1917 697 1981 736 o-
2018 692 2021 693 ’

254 755 440 837 pinari
487 753 840 822 absurdum;
904 752 1005 814 ubi
1044 755 1104 812 &
1146 754 1594 817 controversiam
1637 757 1821 819 sistere
1862 780 1980 820 non

254 838 595 908 recusamUS,
660 851 969 914 utrumque
1016 833 1343 895 illuminato
1400 836 1703 899 Christiani
1751 838 1980 900 lectoris

254 918 569 979 intelleAEiui
607 916 1087 977 commendantes.
1174 919 1356 976 Hunc
1404 917 1853 981 adversariorum
1890 943 1979 980 er-

255 1020 449 1060 rorem
517 998 750 1079 negavit
791 998 850 1055 δε
892 996 1162 1056 refutavit
1199 995 1523 1078 ZuingliuS,
1569 999 1835 1080 idemque
1874 1023 1978 1062 no-

255 1081 476 1140 biscum
519 1081 575 1139 in
618 1082 728 1138 hoc
769 1078 1007 1158 negotio
1050 1079 1282 1150 censuit,
1330 1077 1432 1139 lib.
1455 1078 1525 1138 de
1566 1081 1779 1162 Baptis.
1823 1083 1980 1161 cujus

255 1163 416 1222 causa
439 1162 470 1219 a
497 1161 741 1221 concilio
763 1158 1129 1230 Tridentino,
1172 1161 1302 1221 Seis.
1330 1162 1381 1219 6.
1406 1160 1939 1223 anathematizatur.

336 1244 778 1302 CONFITEMUR
822 1240 1018 1320 igitur,
1063 1241 1252 1301 semen
1281 1242 1498 1322 peccati
1528 1243 1604 1303 ab
1641 1243 1879 1304 Adamo
1907 1242 1982 1305 ad
2070 1315 2075 1320 ,

253 1345 452 1384 omnes
501 1325 756 1384 homines
797 1323 1103 1382 transmitti
1142 1323 1302 1400 (licet
1347 1322 1559 1383 nemini
1600 1325 1977 1404 imputatum,

252 1405 437 1464 donec
479 1405 770 1484 peccando
789 1403 893 1461 sese
934 1403 1021 1462 illi
1061 1405 1357 1465 actualiter
1388 1403 1624 1483 jungat)
1666 1426 1722 1464 m
1743 1427 1861 1486 quo
1901 1407 1982 1466 se·
2069 1442 2081 1476 3

254 1486 407 1546 mine
464 1487 731 1546 omnibus
793 1485 1156 1545 occasionem
1218 1483 1491 1565 peccandi
1548 1487 1822 1566 praebuit,
1915 1489 1977 1546 &
2072 1491 2076 1493 ’

253 1567 425 1645 origo
448 1565 708 1625 omnium
731 1564 1016 1624 malarum
1047 1565 1338 1625 actionum
1365 1567 1427 1624 δε
1466 1565 1884 1644 cogitationum
1926 1569 1984 1628 in

255 1648 523 1708 cordibus
566 1646 869 1707 hominum
890 1645 1008 1704 est:
1047 1646 1161 1724 ἔφ’ςὲῗ
1193 1646 1402 1726 nempe
1438 1652 1662 1725 θανάτῳ,
1701 1665 1769 1709 ut
1808 1669 1863 1709 v.
1907 1647 1982 1709 ad

254 1730 431 1789 Rom.
478 1729 674 1799 habet,
727 1727 761 1787 i.
806 1747 854 1786 e.
898 1725 956 1785 in
1004 1728 1114 1808 quii
1164 1743 1352 1788 morte
1397 1746 1595 1790 omnes
1651 1749 1979 1808 peccavere.
2070 1788 2074 1790 a

253 1812 398 1870 Hoc
418 1811 570 1871 enim
609 1808 843 1891 peccati·
869 1809 1056 1870 semen
1076 1808 1398 1889 frequenter
1433 1811 1490 1871 in
1510 1810 1801 1908 Scriptura
1823 1831 1983 1871 mors

251 1892 481 1963 dicitur,
529 1893 589 1950 &
630 1911 839 1970 corpus
877 1889 1265 1963 mortiferum,
1311 1913 1491 1972 quum
1513 1911 1705 1953 revera
1733 1913 1889 1953 mors
1911 1891 1983 1953 fit
2080 1913 2086 1918 ·

253 1974 328 2033 ad
355 1974 536 2033 vitam
572 1971 802 2054 justitiae
837 1971 899 2029 &
937 1971 1287 2040 sanstitatis;
1331 1973 1572 2054 ideoque
1597 1969 1724 2034 'hoc
1765 1974 1978 2046 semen,

234 2055 314 2127 ,δε
351 2054 515 2134 quod
549 2074 710 2113 exeo
740 2053 831 2124 fit,
875 2052 1083 2115 dicitur
1119 2053 1299 2114 homo
1319 2071 1504 2126 vetuS,
1546 2071 1711 2116 vetus
1752 2055 1975 2126 Adam,

252 2137 310 2194 in
371 2157 489 2216 quo
530 2155 729 2194 omnes
766 2149 1035 2214 peccant.
1121 2134 1394 2213 Proinde,
1461 2137 1572 2196 hoc
1619 2135 1851 2196 nomine
1902 2136 1978 2196 ad
2075 2207 2078 2214 .

254 2216 693 2296 significandum
736 2231 1038 2295 peccatum
1076 2214 1224 2276 illud
1261 2217 1502 2288 utimur,
1553 2217 1614 2276 &
1643 2237 1758 2278 non
1800 2216 1979 2297 origi-
2072 2219 2077 2258 '¹

254 2299 373 2357 nali
396 2313 658 2378 peccam,
704 2296 860 2374 cujus
884 2297 1099 2376 phrafis
1128 2297 1185 2356 in
1219 2298 1515 2380 Scriptura
1535 2297 1698 2358 nulla
1719 2298 1790 2358 fit
1821 2319 1980 2358 men·
2074 2297 2077 2315 '

255 2379 360 2449 ti0,
407 2380 488 2451 δε,
531 2379 634 2440 sub
675 2383 786 2457 quai
827 2377 1175 2458 excogitata,
1219 2379 1282 2438 &
1323 2384 1413 2456 (ut
1448 2379 1560 2440 hoc
1599 2379 1784 2441 verbo
1826 2385 1980 2459 utar)

254 2460 637 2538 inscripturali
679 2459 1055 2530 barbarismo,
1100 2461 1224 2523 haec
1266 2461 1488 2541 peccati
1534 2459 1842 2521 infantibus
1870 2458 1978 2520 irn-

254 2541 484 2621 putatio
524 2542 671 2601 inter
708 2539 1054 2600 Christianos
1088 2539 1301 2603 intrusa
1330 2541 1427 2601 est.

257 2703 346 2765 De
383 2705 674 2786 universali
711 2704 1056 2781 redemptione
1095 2704 1314 2781 Christi,
1361 2703 1430 2765 δέ
1457 2686 1741 2785 salutifero
1761 2725 1852 2765 nec
1876 2725 1981 2767 non

381 2787 788 2865 supernaturali
826 2786 1020 2846 lumine
1054 2787 1460 2867 unumquemque
1486 2785 1837 2850 illuminante.

474 2935 1047 3032 ‚THEs1s
1135 2933 1703 3024 QUINTA.

256 3113 410 3171 Deus
430 3134 500 3173 ex
522 3112 741 3174 infinita
763 3112 855 3172 sua
879 3111 1155 3183 bonitate,
1188 3112 1419 3192 quinon
1444 3093 1761 3186 deleffitatur
1780 3104 1976 3169 morte

334 3194 613 3271 improbi,
645 3195 755 3253 'sed
795 3210 861 3254 ut
894 3194 1310 3253 omnesvivant
1335 3195 1396 3251 &
1422 3193 1732 3270 serventur,
1776 3193 1853 3251 ita
1893 3191 1974 3250 di-

338 3271 468 3337 lexit
507 3275 775 3349 mundum,
841 3289 900 3343 ut
925 3275 1112 3363 filiurn
1162 3275 1319 3364 ficun}
1363 3274 1697 3356 unigenitum,
1749 3273 1973 3416 degam?

1847 3373 1922 3415 ert
1946 3394 1966 3424 ‚
