2086 3640
548 85 639 147 De
682 81 1028 162 Pofflbilitate
1066 98 1168 143 non
1199 77 1472 159 peccandi.
1748 99 1864 163 203

131 204 259 247 ram
299 183 406 245 illo
461 180 518 243 in
558 181 770 243 timore
813 178 1195 251 ambulanteS,
1239 178 1415 248 &ut
1465 175 1871 257 sempiternam

123 265 407 347 justitiam
428 261 835 335 introduceret,
878 260 1093 321 scilicet
1112 259 1533 341 Evangelieam
1555 258 1721 319 illam
1742 280 1873 339 per—

130 347 458 419 sectionem,
504 365 681 427 quam
728 363 844 405 non
899 342 1095 423 potuit
1148 341 1243 403 lex
1287 343 1532 402 efficere.
1617 341 1872 412 Dicitur,

134 429 265 489 Tit.
315 428 371 489 ii.
421 448 512 504 14.
555 425 767 507 Dedtffl·
797 424 1126 506 fimetipficm
1151 441 1257 503 pro
1294 424 1462 495 nobis,
1508 436 1569 484 ut
1608 444 1697 483 nos
1733 423 1874 484 redi-

137 524 302 570 meret
366 510 434 570 ab
487 513 630 570 omni
675 509 971 590 iniquitate,
1036 506 1106 567 ΕΒ
1145 506 1429 568 mundaret
1474 507 1584 584 fibi
1617 504 1879 584 populum

136 604 423 670 acceptum,
453 589 768 670 fidiatorem
806 589 1054 650 bonorum
1093 603 1306 666 operum
1325 609 1346 646 .·
1387 587 1507 648 hoc
1536 587 1746 667 procul
1768 587 1874 646 du-

135 672 238 731 bio
278 671 350 730 de
397 672 619 744 sanEtiS,
663 671 803 730 dum
841 670 898 730 in
936 668 1089 728 terra
1137 668 1286 742 sunt,
1333 668 1595 748 loquitur
1618 668 1878 750 Aposto-

134 752 242 811 lus,
326 751 438 810 Sed
478 751 611 812 huic
651 749 1008 812 contrarium
1029 750 1326 811 affirmant
1361 766 1767 831 repugnante3‚
1819 751 1882 811 in

134 833 244 892 hac
283 832 404 893 vita
445 833 671 894 nullam
723 833 836 892 *effe
871 831 1051 893 talem
1101 830 1586 913 redemptionem,
1631 831 1879 912 ideoque

135 913 353 975 Christi
399 934 511 996 pro
553 915 718 976 nobis
763 913 1116 974 deditionem
1156 914 1219 973 δι
1265 914 1580 975 adventum
1624 912 1878 973 ineffica-

135 1014 267 1057 cem
309 995 574 1068 reddunt‚
622 995 989 1075 Paulumque
1026 996 1140 1056 hoc
1177 995 1314 1057 loco
1362 993 1699 1055 mendacem
1740 993 1884 1054 faci-

134 1090 264 1150 unt,
307 1078 507 1159 aperte
554 1077 901 1158 denegantes
949 1077 1246 1139 Christum
1295 1075 1588 1137 mundaffe
1627 1073 1732 1135 fibi
1773 1069 1909 1155 po?

133 1157 346 1237 pulum
387 1161 464 1221 ab
504 1159 664 1219 omni
711 1158 1007 1240 iniquitate
1040 1184 1059 1226 ;
1103 1157 1326 1258 quippe
1369 1156 1467 1236 qui
1514 1154 1695 1214 indies
1744 1176 1882 1236 pec-

135 1256 287 1310 cant,
333 1241 594 1300 &ore&
629 1261 795 1301 more
838 1239 1078 1312 assidue,
1124 1260 1245 1300 imo
1277 1237 1726 1320 persevarenter,
1772 1238 1881 1298 ini-

133 1321 418 1398 quitatem
465 1321 528 1380 &
593 1321 768 1383 scelus
837 1337 1191 1404 perpetrant.
1276 1317 1605 1400 Quomodo
1652 1317 1882 1380 dicendi

135 1401 265 1461 sunt
306 1403 602 1463 bonorum
647 1424 896 1484 operum
933 1403 1256 1474 sectatore3‚
1301 1402 1400 1483 qui
1449 1401 1505 1461 in
1549 1399 1712 1460 malis
1739 1421 1884 1481 ope-

135 1482 294 1542 ribus
339 1484 515 1544 indies
552 1485 895 1546 versantur?
938 1484 1001 1543 ὅτ
1026 1485 1327 1566 quomodo
1363 1481 1721 1544 existimandi
1752 1481 1883 1542 sunt

134 1564 390 1643 populus
438 1586 636 1646 puruS,
701 1567 802 1647 qui
836 1568 1064 1648 semper
1102 1566 1158 1625 in
1205 1565 1545 1645 impuritate
1585 1562 1730 1634 sunt,
1775 1563 1880 1623 nifi

134 1661 440 1723 peccatum
477 1646 779 1726 impuritas
827 1668 945 1707 non
989 1648 1268 1706 dicatur?
1338 1647 1627 1706 Praeterea
1674 1644 1883 1705 diserte

135 1725 484 1799 affirmatur,
538 1750 562 1787 1
599 1727 811 1805 Johan.
846 1727 922 1787 iii.
968 1745 1031 1804 5,
1077 1731 1134 1788 8.
1178 1728 1271 1787 hoc
1308 1728 1428 1804 fine
1454 1726 1756 1807 apparuiffl³
1781 1727 1880 1787 Fi-

135 1804 269 1865 lium
304 1808 434 1878 Dei,
497 1822 559 1868 ut
586 1821 810 1887 peccata
846 1810 1027 1887 nostra
1064 1808 1290 1881 tolleret,
1351 1810 1424 1871 δέ
1473 1807 1672 1868 diaboli
1717 1824 1879 1887 opera

132 1886 469 1966 dffllveret:
524 1890 620 1949 sed
641 1889 753 1950 hoc
780 1904 976 1950 totum
1016 1889 1106 1950 isti
1144 1889 1424 1950 frivolum
1447 1887 1694 1949 reddunt
1721 1914 1739 1956 ;
1771 1911 1880 1950 no-

132 1969 263 2029 lunt
301 1970 459 2030 enim
499 1970 660 2050 quod
701 1970 972 2032 diffolvat
1021 1990 1202 2051 opera
1236 1971 1461 2034 diaboli
1497 1971 1555 2030 in
1593 1969 1729 2030 filiis
1770 1971 1882 2032 suis

136 2070 243 2130 per
291 2049 455 2130 hujus
487 2051 628 2112 vitae
669 2052 1047 2126 curriculum,
1110 2074 1296 2134 neque
1344 2053 1586 2115 credunt
1627 2072 1881 2133 apparu-

134 2132 232 2191 isse
274 2131 461 2204 illum,
507 2149 576 2194 ut
607 2150 844 2214 peccata
881 2134 1145 2216 ipsorum
1187 2134 1443 2207 tolleret,
1489 2134 1626 2193 cum
1647 2136 1881 2195 neceffi-

132 2229 315 2274 tatem
353 2211 577 2295 jugiter
611 2215 670 2274 in
697 2231 942 2295 peccato
968 2216 1200 2278 vivendi
1236 2216 1555 2277 vendicent.
1642 2215 1739 2275 Ne
1755 2217 1884 2296 quis

135 2309 330 2355 autem
359 2297 511 2356 hunc
532 2297 812 2377 Apostoli
837 2298 1038 2358 locum
1058 2297 1422 2380 detorqueat,
1468 2296 1629 2377 quafi
1657 2297 1880 2357 dietum

138 2372 327 2436 fuifl‘et
364 2377 552 2439 solum
587 2378 661 2438 de
707 2379 1064 2440 removendo
1100 2397 1263 2442 reatu
1313 2381 1559 2462 peccati,
1621 2380 1683 2438 &
1723 2380 1883 2457 quasi

138 2456 216 2516 ad
270 2458 416 2519 hanc
462 2458 646 2520 vitam
694 2481 811 2522 non
865 2460 1179 2542 speetaffet,
1226 2461 1570 2544 Apostolus,
1619 2460 1779 2540 quasi
1807 2482 1879 2523 ex

138 2538 398 2614 consilio,
450 2539 614 2601 addit
652 2542 1013 2623 sequentibus
1037 2545 1317 2615 verfibu3‚
1362 2546 1548 2612 omnis,
1595 2543 1685 2621 qui
1728 2545 1785 2603 in
1821 2566 1878 2604 eo

140 2635 337 2692 manet,
399 2643 504 2687 non
545 2638 747 2705 peccat,
791 2626 909 2686 &a
973 2625 1139 2685 ‘Non
1188 2625 1367 2705 igitur
1413 2623 1639 2682 violant
1684 2620 1880 2703 legem

142 2700 256 2760 Dei
297 2704 432 2762 curn
474 2703 944 2784 cogitationibu3‚
989 2707 1119 2764 tum
1159 2705 1318 2764 dietis
1357 2705 1419 2763 &
1445 2702 1624 2763 saetis,
1710 2704 1883 2766 Nemo

142 2802 236 2841 vos
256 2782 511 2859 seducat:
557 2788 647 2865 qui
657 2788 805 2865 facit
826 2788 1115 2867 justitiam,
1163 2787 1350 2867 justus·
1374 2790 1472 2856 est,
1502 2788 1648 2863 ficut
1678 2786 1746 2847 &³
1789 2788 1883 2848 ille

126 2865 303 2944 justus
351 2869 428 2924 eft‘
459 2889 479 2930 ·‚
542 2869 632 2946 qui
667 2870 811 2945 facit
855 2880 1147 2945 peccatum,
1211 2889 1274 2927 ex
1330 2867 1536 2928 diabolo
1589 2873 1684 2929 eft.
1769 2870 1882 2928 Sed

145 2946 247 3023 qui
295 2945 508 3006 affidue
549 2963 752 3026 peccat
792 2951 927 3008 cum
969 2948 1153 3021 (Ιίέὶίε,
1197 2951 1326 3008 turn
1367 2948 1548 3019 faeti&
1590 2949 1701 3007 &a
1745 2948 1885 3010 facit

143 3027 473 3103 peccatum,
518 3027 819 3107 quomodo
858 3048 1005 3109 ergo
1053 3030 1123 3088 fit
1150 3029 1276 3090 talis
1325 3029 1479 3090 filius
1519 3029 1678 3089 Dei?
1723 3031 1886 3091 Sicut·

123 3105 324 3183 igitur
353 3106 516 3167 addit
556 3107 880 3189 Apostolus
900 3110 1166 3190 sequente
1204 3111 1387 3182 verm,
1432 3110 1753 3191 apparuiffe
1781 3112 1881 3173 Fi-

145 3185 291 3246 lium
321 3188 453 3261 Dei,
498 3205 565 3250 ut
585 3206 887 3270 peccatum
909 3192 1191 3252 tolleret:
1233 3190 1409 3272 quam
1451 3191 1695 3251 mirifice
1723 3192 1880 3253 insti-

148 3266 431 3332 tutionem
473 3269 686 3332 Christi
713 3288 1074 3353 pervertunt,
1145 3274 1244 3358 qui
1285 3273 1648 3355 refragantur
1674 3293 1878 3357 pecca-

1745 3370 1875 3416 tum
