2086 3640
268 106 304 147 2
620 75 1097 139 THESIS
1171 74 1643 146 PRIMA,

267 188 431 249 cordi
459 185 799 265 imponitur,
863 178 1022 259 quasi
1050 179 1292 258 praesens
1321 179 1599 239 auxilium
1619 180 1912 243 vacillanti
1939 184 2000 242 δε

270 270 523 349 inquieto
552 270 746 325 animo
775 262 1038 331 afferenS,
1082 260 1223 319 dum
1253 280 1338 318 res
1370 280 1487 319 non
1515 261 1594 321 ita
1627 261 1779 322 clare
1806 263 2001 323 distin-

267 371 446 430 guere
467 348 527 404 &
563 345 872 404 discernere
901 343 1091 421 poflit.
1181 344 1336 426 Qae
1365 342 1646 441 principia
1674 343 1766 402 vel
1805 346 2000 424 postu-

268 432 385 490 lata
414 427 647 487 imbibit
679 451 696 492 3
743 424 857 484 sive
895 423 953 483 id
981 423 1052 483 fit
1080 425 1391 484 reverentia
1420 424 1481 481 δε
1503 423 1838 484 credulitate
1857 447 2002 505 quo-

270 509 534 578 rundam,
580 528 725 587 quos
753 505 986 566 affectat
1025 505 1088 563 δε
1114 504 1358 563 miratur
1389 529 1409 572 3
1470 503 1584 564 five
1629 526 1697 565 ea
1724 505 2004 584 principia
2080 522 2081 525 ’

269 589 454 670 magis
486 587 735 647 naturali
761 585 938 648 animi
953 585 1304 665 dispositioni
1320 584 1701 666 adaptantur:
1745 586 1807 644 &
1836 586 1877 643 fi
1899 607 2002 666 per

268 673 367 731 illa
397 671 506 730 Dei
528 669 920 749 cognitionem
948 668 1185 747 adeptus
1227 667 1479 738 videtur,
1525 683 1657 728 utut
1703 666 1839 727 falsa
1868 666 2000 739 lint,
2067 683 2074 691 ⁸

261 774 386 811 -non
430 750 597 811 facile
629 766 1018 811 removentur.
1104 750 1164 806 T
1171 748 1428 808 ransaEto
1474 747 1630 809 enim
1677 748 1872 828 primo
1899 769 2001 827 pa-

268 854 409 893 vore
457 831 728 893 audacior
755 831 969 902 evadit,
1013 831 1075 888 &
1103 829 1254 890 adest
1284 828 1654 901 adversariuS,
1677 828 1784 910 ⁸qui
1804 828 2004 888 falsam

267 935 470 993 pacem
529 931 706 986 creat,
766 915 828 973 ὅτ
877 913 1152 972 fiduciam
1184 910 1462 990 aliquam,
1523 909 1618 968 cui
1652 909 1875 969 animus
1923 908 2004 969 ita

268 996 510 1057 libenter
552 994 787 1055 inclinat
827 995 889 1054 &
919 992 1183 1064 confidit,
1249 1007 1318 1050 ut
1358 991 1414 1050 in
1444 1011 1660 1051 novam
1687 989 2019 1061 dubitatio-4¹
2079 1031 2082 1034 Δ

267 1097 401 1137 nem
438 1078 499 1136 ὅτ
525 1077 781 1155 priorem
830 1073 1226 1156 disquisitionis
1271 1071 1618 1132 anxietatem
1665 1071 1895 1151 prolabi
1923 1066 2023 1130 efss

266 1158 454 1238 fugiat
482 1180 495 1216 :
558 1159 668 1217 hoc
696 1158 822 1216 satis
849 1157 1152 1216 verificant
1200 1155 1470 1233 Pharisoei
1512 1154 1581 1215 &2³
1610 1154 1863 1213 Dofflores
1892 1154 2005 1230 Ju-

267 1240 424 1310 daici,
490 1239 590 1319 qui
621 1235 873 1298 maxime
904 1236 1134 1297 Christo
1177 1235 1522 1305 restiterunt,
1568 1234 1926 1314 indignantes
1953 1235 2008 1293 se

267 1321 577 1380 existimari
626 1321 906 1400 ignaros·‚
971 1319 1096 1378 haec
1124 1318 1302 1376 inanis
1349 1316 1549 1396 opinio
1579 1314 1925 1396 cognitionis
1970 1314 2007 1372 a
2083 1367 2086 1372 ⁴

267 1402 403 1461 vera
450 1401 780 1481 cognitione
829 1399 1106 1461 abstraxit
1134 1399 1195 1457 δε
1243 1398 1496 1478 plebem,
1549 1417 1679 1477 quae
1716 1394 2010 1477 prioribus

267 1483 561 1564 principiis
600 1503 715 1541 non
745 1482 992 1551 imbuta,
1039 1501 1144 1540 nec
1179 1478 1426 1539 scientiae
1464 1477 1735 1559 opinione
1785 1476 2005 1548 inflata,

267 1564 433 1623 facile
480 1564 769 1635 credebat,
817 1561 1310 1644 quemadmodum
1338 1561 1718 1641 exprobrant,
1751 1558 1889 1638 J0h.
1909 1557 2008 1618 vii.
2079 1583 2083 1600 1

264 1650 368 1720 48,
413 1665 511 1723 49.
557 1643 819 1725 Nunquid
841 1665 903 1703 ex
927 1644 1253 1720 principibus
1281 1641 1473 1722 aliquis
1508 1640 1730 1701 credidit
1770 1642 1827 1699 in
1863 1661 2006 1711 eum,
2079 1663 2083 1713 ς

266 1740 362 1788 aut
392 1748 456 1786 ex
502 1726 796 1806 Pharisaeis
824 1727 853 1784 ,9
897 1725 1002 1784 Sed
1025 1725 1186 1785 turba
1204 1724 1338 1794 haec,
1384 1744 1502 1803 quae
1523 1743 1624 1782 non
1644 1724 1796 1782 novit
1821 1720 2005 1802 legem,
2078 1722 2081 1742 '³

265 1808 548 1869 maledibla
601 1810 690 1885 est.
776 1808 920 1868 Hoc
955 1807 1130 1865 etiam
1175 1801 1404 1866 abunde
1452 1804 1740 1884 probatur
1783 1803 2010 1882 experi-
2077 1806 2082 1868 ς

265 1889 416 1949 entia
444 1889 732 1960 omnium,
778 1888 900 1969 qui,
944 1885 1167 1947 secretis
1188 1886 1249 1944 &
1278 1885 1510 1944 internis
1539 1883 1774 1946 Divinae
1797 1883 2008 1963 gratiae
2078 1886 2081 1939 i

264 1970 628 2030 contactibus
673 1967 1014 2050 experrecti,
1075 1968 1128 2026 se
1163 1965 1314 2026 falsis
1359 1965 1721 2026 Doctoribus
1749 1963 2007 2045 applica·
2076 1991 2083 2044 j

267 2067 423 2123 runt,
470 2051 572 2111 ubi
601 2050 758 2130 pejus
781 2052 995 2111 morbo
1026 2047 1347 2108 remedium
1369 2046 1491 2113 est·,
1535 2066 1673 2106 nam
1692 2046 1829 2106 loco
1849 2067 2008 2108 verae

261 2132 379 2192 Dei
407 2132 774 2212 cognitionis,
806 2151 1147 2209 eorumque,
1178 2151 1312 2210 quae
1332 2128 1407 2188 ad
1426 2127 1667 2188 salutem
1694 2128 1854 2188 suam
1876 2148 2010 2207 per-
2076 2135 2081 2196 ὲ

263 2215 470 2284 tinent,
517 2213 678 2273 falsas
707 2213 1003 2293 opiniones
1030 2211 1102 2269 de
1140 2210 1243 2270 illo
1267 2209 1584 2281 imbibunt,
1629 2229 1763 2290 quae
1788 2208 2009 2288 majore
2075 2215 2079 2258 ·Ῑ

267 2296 468 2355 labore
496 2309 933 2374 expunguntur,
978 2291 1160 2374 quam
1188 2290 1230 2350 fi
1269 2291 1459 2351 anima
1481 2289 1640 2372 quafi
1668 2289 1870 2350 tabula
1887 2291 2006 2352 rasa
2076 2305 2077 2308 ’

266 2377 455 2436 adhuc
477 2376 750 2442 extiterit.
837 2375 962 2458 Qi
1002 2373 1156 2434 enim
1200 2374 1255 2433 se
1282 2374 1474 2454 sapere
1502 2371 1836 2452 opinantur,
1883 2392 2008 2432 ma·
2067 2374 2077 2455 j

265 2458 357 2537 gis
386 2455 658 2517 obstinati
685 2457 834 2527 sunt,
880 2455 1059 2535 quam
1089 2455 1189 2534 qui
1216 2454 1331 2514 suae
1357 2452 1704 2535 ‘ignorantiae
1741 2451 1848 2512 fibi
1869 2473 2009 2512 con·
2067 2483 2071 2490 -=

267 2539 365 2598 scii
392 2539 519 2598 sunt
547 2559 562 2596 ε
608 2558 712 2597 nec
746 2537 932 2598 minus
959 2535 1177 2596 diaboli
1206 2536 1427 2595 malitia
1456 2535 1719 2595 adversus
1747 2533 2011 2594 homines
2060 2567 2061 2570 ¹

258 2635 587 2690 exercetur,
631 2618 774 2678 dum
803 2616 963 2677 falsas
985 2617 1095 2676 illis
1132 2615 1202 2675 de
1231 2617 1363 2677 Deo
1392 2618 1650 2676 notiones
1681 2613 2006 2696 persuadet,

264 2700 450 2780 quam
488 2701 628 2760 dum
657 2700 787 2760 illos
824 2699 897 2759 ad
939 2698 1269 2778 negandum
1298 2697 1494 2756 Deum
1535 2695 1776 2756 omnino
1810 2695 2006 2777 cogit:
2066 2738 2067 2742 ,

271 2782 385 2840 hoc
428 2781 579 2841 enim
628 2780 914 2842 difficilius
952 2779 1227 2859 recipitur
1272 2778 1335 2838 &
1362 2778 1548 2859 magis
1584 2776 1848 2838 odiosum
1899 2776 2005 2848 est,
2061 2781 2073 2827 ἰ

270 2861 418 2935 illud
443 2882 584 2921 vero
612 2878 891 2942 perpetua
920 2861 1120 2923 mundi
1150 2859 1311 2920 ruina
1338 2858 1466 2922 fuit.
1552 2860 1675 2919 Vix
1703 2865 1858 2919 enim
1886 2857 2008 2918 ulla

270 2963 412 3023 gens
445 2944 749 3023 reperitur,
809 2964 943 3023 quae
991 2944 1209 3024 aliquas
1250 2940 1540 3022 religionis
1588 2941 1849 3003 notiones
1890 2957 2010 2998 non
2048 2970 2054 3002 ;

273 3024 580 3084 habuerit:
647 3023 925 3104 fiquidem
965 3045 1082 3085 non
1125 3025 1157 3082 Ξι
1204 3024 1511 3104 negatione
1539 3022 1807 3093 Deitatis,
1849 3018 1945 3078 sed
1973 3020 2012 3079 5.
2052 3071 2054 3075 ,

268 3103 423 3165 falsis
477 3107 538 3165 &
581 3105 843 3166 confictis
873 3106 944 3165 de
987 3106 1090 3166 illo
1132 3104 1524 3185 opinionibu3‚
1567 3120 1924 3185 quaecunque
1951 3103 2011 3161 in

275 3187 423 3245 orbe
460 3186 786 3247 idololatria
834 3187 929 3246 vel
976 3185 1298 3268 superstitio
1340 3185 1442 3257 est,
1508 3183 1794 3264 provenit,
1856 3181 2014 3241 und&

272 3265 452 3331 etiam
507 3267 622 3352 ipse
668 3268 1002 3355 Atheismus
1042 3268 1271 3342 oritur3
1334 3286 1471 3332 nam
1503 3264 1740 3381 diverssae
1782 3261 1899 3324 illae
1934 3262 2007 3353 ,δε

1825 3362 2006 3408 variae
