2086 3640
243 109 359 167 218
630 108 1568 174 THESIS·NONA:

236 215 404 276 diana
460 214 628 296 praxi
668 236 894 290 eorum,
939 221 1038 299 qui
1072 218 1231 279 illam
1275 218 1613 298 praedicant,
1684 225 1960 305 quoniam

235 298 543 359 hortantur
579 298 800 359 multos
827 301 904 360 ad
953 300 1325 370 credendum,
1367 301 1430 359 &
1469 301 1710 362 salutem
1753 306 1958 388 adipis-

232 377 500 448 cendam,
544 379 682 439 cum
705 381 958 453 interim,
1019 381 1062 441 fi
1097 382 1171 444 ad
1206 382 1500 443 decretum
1542 385 1957 465 reprobationis

227 460 572 541 pertineant,
599 459 950 541 impoffibile
971 462 1041 524 fit
1066 463 1152 537 iis,
1193 463 1287 524 vel
1303 463 1551 534 credere,
1590 465 1684 525 vel
1704 466 1953 529 servari:

225 544 290 601 ὅτ
311 542 351 600 fi
381 542 456 602 ad
470 542 764 604 decretum
781 544 1092 619 electioniS,
1158 545 1496 626 praedicatio
1523 544 1732 608 frivola
1771 547 1854 608 est
1891 550 1955 609 ὅτ

227 622 459 695 inutilis,
506 624 640 703 quia
680 627 947 688 aberrare
986 643 1305 708 nequeunt:
1377 626 1454 686 fic
1481 625 1654 688 etiarn
1682 628 1788 688 hirc
1807 629 1863 687 in
1893 650 1957 690 re

219 705 655 785 perseverantiae
698 707 956 770 doctrina
977 710 1144 790 praxi
1167 723 1471 789 repugnat,
1516 729 1651 775 nam
1691 709 1954 790 quotidie

220 786 509 846 auditores
532 787 858 862 hortantur,
903 808 970 851 ut
995 792 1070 851 ad
1100 792 1275 852 finem
1325 789 1522 851 fideles
1561 789 1690 862 fint,
1758 791 1950 852 decla-

220 883 431 939 ranteS‚
492 862 675 949 quod,
753 871 796 930 fi
840 892 955 932 non
989 873 1374 954 perseverent,
1445 871 1838 931 exscindentur
1883 873 1948 932 ὅτ

220 949 547 1009 mercedem
569 953 839 1030 perdent:
885 955 1044 1034 quod
1060 954 1290 1034 quidem
1310 971 1514 1011 verum
1542 951 1645 1024 est,
1674 951 1769 1012 sed
1785 974 1949 1013 max-

215 1028 333 1090 ime
370 1032 890 1094 contradictorium
915 1035 1199 1096 doetrinae
1246 1032 1557 1094 affirmanti
1596 1035 1676 1095 im
1762 1033 1946 1095 ffibile

215 1113 325 1171 effe
391 1111 423 1169 31
484 1112 720 1174 minima
768 1135 926 1176 verae
963 1116 1168 1197 gratiae
1211 1115 1467 1176 mensura
1526 1135 1651 1176 rece
1691 1135 1804 1175 ere.
1885 1115 1946 1175 Si

213 1193 367 1251 enirn
388 1192 468 1252 ita
491 1192 582 1263 fit,
625 1196 764 1276 quid
785 1217 931 1277 opus
951 1197 1220 1260 hortandi
1247 1217 1342 1256 eos
1371 1196 1752 1278 perseverare,
1798 1215 1946 1276 quos

211 1273 468 1334 decrevit
486 1274 663 1347 Deus,
709 1293 773 1337 ut
801 1277 1118 1358 persistant,
1164 1279 1449 1360 &quibus
1479 1277 1824 1358 impoffibile
1855 1275 1940 1337 fe·

210 1355 290 1414 cit
310 1377 426 1415 non
449 1357 840 1435 perseverare?
886 1361 1049 1421 Huic
1069 1359 1403 1440 probationi
1432 1379 1545 1418 non
1582 1358 1826 1452 amplius
1857 1359 1944 1417 in-

211 1433 424 1506 sistam,
470 1440 653 1514 quum
685 1439 795 1498 hoc
824 1439 896 1500 ad
941 1442 1245 1501 consilium
1295 1460 1489 1500 meum
1523 1439 1784 1510 sufficiat,
1830 1440 1942 1499 res-

208 1533 320 1593 que
342 1516 568 1577 abunde
589 1517 728 1577 alias
745 1522 1039 1602 probetur.
1127 1521 1312 1604 Qiod
1341 1521 1463 1580 haec
1479 1519 1650 1580 fuerit
1691 1519 1939 1604 primiti-

206 1615 418 1656 vorum
461 1597 912 1659 Protestantium
951 1601 1244 1673 sententia,
1318 1600 1448 1660 inde
1476 1617 1736 1683 apparet,
1778 1601 1940 1680 quod

206 1678 480 1738 confessio
515 1679 860 1759 Augustana
881 1681 1242 1753 condemnet,
1288 1681 1443 1762 quasi
1476 1700 1734 1747 errorem
1774 1682 1940 1742 Ana-

205 1758 594 1840 baptisticum,
666 1760 933 1834 dicenteS‚
1012 1768 1104 1844 qui
1121 1761 1287 1842 ssmel
1338 1763 1597 1839 ‘ustificati
1620 1764 1772 1841 fient,
1832 1783 1936 1823 non

191 1842 333 1920 poffl·
364 1844 613 1919 santium
649 1845 906 1921 Spiritum
958 1849 1215 1906 amittere.
1301 1787 1467 1904 {luic
1519 1843 1707 1904 multa
1730 1842 1935 1904 similia

201 1922 312 1982 loe.
337 1943 489 1984 com.
534 1923 728 2007 Philip
770 1924 787 1983 i
816 1924 1112 1985 Melanch.
1149 1924 1524 2008 reperiuntur.
1570 1923 1802 1984 Voflius
1824 1924 1935 1985 Pe-

197 2003 314 2083 lag.
339 2004 441 2064 lib.
475 2003 529 2061 6.
553 1950 923 2075 conteiiatur,
948 2025 1320 2066 communem
1341 2006 1487 2064 hanc
1505 2004 1665 2064 fuiss'e
1688 2006 1933 2067 Patrum

197 2084 569 2163 opinionem:
642 2085 700 2143 in
731 2086 1172 2145 confirmatione
1201 2084 1419 2146 theseos
1469 2105 1559 2144 12.
1592 2105 1729 2165 pag.
1789 2089 1928 2164 587.

198 2165 323 2226 haec
344 2166 521 2226 habet
548 2167 751 2237 verba,
794 2188 1109 2226 communem
1140 2167 1304 2246 suiffl’
1329 2167 1661 2244 antiquitatis
1673 2168 1928 2245 fintenti-

195 2267 306 2316 am,
352 2268 511 2326 quam
527 2248 773 2319 diximus,
803 2247 907 2327 Jbli
932 2248 1081 2307 hodie
1095 2268 1287 2329 negare
1295 2247 1524 2326 poffitnt,
1569 2251 1659 2326 qui
1684 2260 1928 2307 caeterum

177 2328 405 2407 fortaffi’
431 2332 548 2388 viri
570 2331 699 2410 fitnt
713 2350 816 2390 non
837 2328 1105 2400 ineruditi,
1155 2328 1254 2407 βτί
1291 2331 1346 2387 in
1392 2330 1708 2408 antiquitate
1748 2340 1927 2390 tamen

181 2407 356 2486 plane?
375 2410 589 2487 hospites
618 2411 732 2472 &a
818 2409 936 2469 His
963 2409 1044 2470 ita
1078 2408 1412 2479 observatis,
1457 2409 1532 2469 ad
1571 2407 1925 2470 adversario·

191 2509 322 2548 rum
346 2489 696 2568 objectiones
715 2490 904 2550 venio.

271 2571 377 2631 III.
425 2572 650 2633 Pmmo
671 2574 934 2654 objiciunt,
979 2592 1046 2632 ea
1072 2569 1387 2651 Scripturae
1427 2570 1553 2630 loca
1581 2570 1652 2630 cle
1691 2568 1924 2630 naufra-

189 2652 290 2730 gio
322 2652 457 2711 fidei
477 2653 588 2712 &e
634 2674 751 2712 non
779 2652 849 2712 de
878 2653 1013 2713 vera
1058 2652 1174 2711 fide
1195 2650 1459 2732 intelligi,
1504 2651 1598 2711 sed
1628 2650 1817 2710 solum
1849 2651 1922 2711 de

187 2733 328 2792 falsa
352 2733 489 2805 fide,
536 2735 783 2814 speciem
810 2734 932 2793 veri
964 2734 1207 2794 habente
1224 2734 1339 2793 &e
1428 2735 1585 2812 Rcff.
1629 2732 1785 2792 Haec
1807 2734 1917 2793 ob-

179 2812 357 2891 jectio
379 2816 660 2894 perquam
690 2815 923 2876 infirma
940 2814 1321 2875 &imbecillis
1343 2812 1426 2872 est
1452 2815 1514 2872 &
1552 2810 1733 2889 textui
1778 2832 1920 2872 con·

188 2895 382 2965 traria,
437 2917 460 2955 1
492 2897 654 2956 Tim.
693 2896 729 2954 i.
790 2917 879 2976 19.
910 2897 1013 2956 ubi
1043 2895 1363 2975 Apostolus
1393 2895 1491 2965 ait,
1523 2895 1691 2971 fidem
1727 2893 1797 2956 δέ’
1825 2895 1914 2954 bo-

188 2995 311 3034 nam
330 2979 715 3054 conscientiam3
770 2976 809 3034 fi
833 2993 1027 3037 autem
1059 2977 1195 3035 fides
1217 2975 1401 3035 fuiffet
1428 2976 1615 3035 solum
1638 2973 1911 3055 hypocri-

187 3055 323 3127 tica,
370 3078 485 3117 non
509 3057 733 3118 fuiffent
757 3058 1045 3137 culpandi,
1097 3057 1254 3136 quod
1285 3058 1611 3136 repulissent
1638 3079 1656 3120 3
1706 3053 1911 3114 melio·-

187 3154 273 3192 res
314 3143 462 3197 enIm
504 3141 732 3218 absque,
774 3139 951 3219 quam
994 3160 1127 3198 cum
1173 3137 1276 3197 tali
1316 3137 1430 3196 fide
1477 3139 1540 3198 &
1576 3131 1908 3196 conscientia

184 3213 428 3285 fuissent,
475 3219 714 3299 ideoque
756 3219 830 3280 ad
858 3220 1034 3279 talem
1078 3219 1607 3299 interpretationem
1650 3211 1903 3274 refutan-

184 3295 322 3355 dam
350 3296 547 3358 diserte
567 3299 824 3378 loquitur
843 3300 916 3361 de
945 3301 1094 3362 bona
1112 3302 1250 3375 (non
1266 3298 1336 3359 de
1353 3293 1740 3435 hypocritipa)
1760 3314 1901 3436 cpi}-

1677 3394 1795 3438 cien
1876 3420 1897 3450 ,
