2086 3640
543 92 632 154 De
674 87 1020 168 Poffibilitate
1062 108 1164 150 non
1197 86 1471 168 peccandi.
1764 102 1884 164 205

233 199 339 259 VI.
385 199 695 276 QUART0.‘
754 192 1035 256 Doctrina
1059 192 1159 252 ista
1183 190 1372 251 reddit
1399 210 1544 271 opus
1566 186 1887 262 ministerii,

52 282 54 285 ’
152 281 622 364 praedicationem
672 275 858 348 verbi,
928 274 1360 354 Scripturarum
1417 272 1756 345 editionem,
1823 274 1891 332 &1

153 383 350 443 preces
390 361 644 443 piorum,
708 356 929 418 inutilia
977 357 1037 416 &
1091 353 1447 421 inefficacia3
1509 356 1645 414 cum
1687 353 1891 435 quoad

152 444 432 524 primum,
481 442 635 522 Eph.
678 439 756 502 iv.
805 460 897 500 11.
931 437 1190 514 pastores,
1225 436 1338 496 &a
1379 434 1645 497 dicantur
1672 436 1799 496 dari
1818 435 1897 496 ad

152 527 632 604 consummationem
671 520 766 582 vel
801 518 1171 597 perfecflionem
1196 519 1526 593 saanorum,
1574 518 1689 581 &a
1736 518 1893 578 donec

151 626 487 674 occurramus
526 625 696 664 omnes
734 605 790 662 in
817 601 1071 660 unitatem
1099 598 1258 673 fidei,
1293 599 1404 660 &a
1449 602 1503 658 in
1543 603 1726 659 virum
1761 617 1892 677 per-

137 689 367 767 festum,
415 688 471 744 in
514 686 805 763 menfitram
826 683 1000 740 oetatis
1027 678 1374 757 plenitudinis
1420 679 1620 756 Christi
1646 703 1666 740 .·
1709 679 1750 742 s1
1788 676 1893 740 ειη-ἕ

155 783 274 827 tem
316 767 607 824 neceffitas
659 763 729 823 fit
773 758 1033 842 quotidie
1083 759 1357 840 peccandi
1398 759 1458 817 &
1500 762 1556 822 in
1600 763 1888 830 omnibu3‚

153 863 294 909 tunc
333 846 460 906 talis
492 844 766 926 perfeffio
802 841 926 902 dari
965 862 1078 900 non
1129 841 1338 921 potest,
1386 841 1526 900 tales
1574 843 1728 902 enim
1774 865 1894 904 non

154 929 270 989 dici
316 927 547 1008 possunt
595 923 846 1007 perfecti.
931 922 1014 982 Et
1051 921 1092 980 fi
1138 922 1213 981 ad
1256 922 1402 982 hanc
1443 925 1893 984 consummatio-

155 1031 288 1071 nem
326 1009 736 1089 perficiendam
774 1004 1027 1087 pastores
1070 1003 1125 1062 in
1155 1003 1384 1063 ecclefia
1416 1005 1666 1064 ordinati
1694 1006 1755 1064 ὅτ
1779 1006 1895 1064 dis-

156 1091 331 1172 pofiti
372 1089 502 1161 flur,
566 1085 772 1159 nonne,
846 1085 944 1167 qui
990 1087 1102 1145 hoc
1150 1084 1502 1165 impoffibile
1549 1086 1889 1165 praedicant,

156 1170 533 1232 ministerium
567 1168 768 1229 inutile
810 1167 1078 1240 reddunt,
1140 1169 1275 1225 cum
1304 1166 1498 1226 nullus
1544 1166 1689 1226 alius
1726 1189 1895 1228 verus

158 1254 286 1312 finis
315 1252 392 1310 eis
421 1248 732 1330 affignatus
761 1249 852 1321 fit,
897 1249 1076 1330 quern
1114 1248 1273 1328 quod
1302 1247 1558 1307 homines
1585 1249 1619 1308 ἐ
1650 1266 1896 1328 peccato

154 1334 230 1393 ad
264 1331 548 1412 justitiam
589 1332 852 1392 educant.
938 1331 1235 1413 roirca
1286 1329 1326 1386 fi
1369 1335 1479 1406 (ut
1516 1330 1603 1390 isti
1651 1323 1897 1390 ministri

155 1415 495 1492 affeverant)
535 1434 652 1473 non
687 1413 1037 1494 expectanda
1088 1411 1157 1470 fit
1205 1412 1370 1472 nobis
1414 1411 1444 1468 ὲ
1479 1429 1719 1491 peccato
1749 1413 1894 1474 libe-

158 1495 331 1567 ratio,
392 1515 579 1555 nonne
622 1516 767 1575 opus
815 1495 979 1554 suum
1023 1493 1222 1553 inutile
1260 1493 1525 1552 faciunt?
1575 1495 1715 1574 quid
1749 1516 1898 1575 opus

159 1577 243 1636 est
283 1576 714 1656 praedicatione,
760 1575 803 1634 fi
843 1590 1168 1656 peccatum,
1235 1575 1310 1633 ad
1336 1575 1498 1653 quod
1535 1577 1897 1654 arguendum

157 1661 344 1718 omnis
392 1657 728 1737 praedicatio
775 1658 869 1728 fit,
922 1655 1217 1715 removeri
1270 1676 1387 1714 non
1436 1658 1629 1735 possit,
1674 1679 1782 1717 nec
1819 1661 1898 1719 ab

161 1738 494 1799 hominibus
530 1737 827 1817 separari?
876 1736 1209 1799 Adversarii
1245 1737 1442 1816 magni
1467 1738 1898 1818 Scripturarum

154 1819 747 1881 aestimatores.videri
774 1819 1006 1890 volunt,
1073 1819 1172 1878 has
1208 1834 1398 1881 autem
1450 1819 1603 1879 utiles
1644 1822 1751 1879 effe
1798 1822 1898 1882 de-

158 1901 345 1962 clarat
392 1899 739 1981 ApostoluS‚
788 1920 819 1959 2
853 1900 1017 1960 Tim.
1057 1900 1132 1959 iii.
1185 1918 1275 1978 17.
1321 1914 1381 1961 ut
1398 1903 1666 1979 peJflHns
1697 1905 1778 1980 fit
1803 1905 1898 1963 ho-

155 2005 240 2044 mo
280 1984 409 2043 Dei.
494 1982 680 2063 Qod
738 1981 780 2040 fi
823 1981 936 2043 hoc
985 1981 1335 2061 impoffibile
1385 1983 1440 2041 in
1480 1982 1585 2043 haic
1635 1985 1752 2045 v1t31
1803 1986 1895 2057 fit,

157 2080 298 2124 tunc
347 2063 571 2123 inutiles
623 2063 865 2124 omnino
921 2063 1230 2144 Scripturae
1271 2063 1419 2135 sunt,
1486 2086 1622 2124 nam
1672 2066 1728 2125 in
1778 2069 1898 2127 vitii

157 2144 352 2205 futur&
393 2165 509 2204 non
554 2164 699 2224 opus
743 2144 805 2203 iis
849 2144 976 2205 erit.
1064 2146 1269 2207 Preces
1309 2145 1633 2206 sanctorum
1672 2147 1899 2208 inutiles

162 2227 395 2294 reddit;
455 2225 562 2305 ipfi
599 2242 796 2287 autem
843 2226 1095 2287 fatentur
1131 2243 1401 2305 oportere
1443 2228 1494 2287 se
1544 2229 1802 2309 quotidie
1831 2253 1898 2290 o-

162 2328 311 2380 rare,
356 2323 423 2368 ut
465 2308 625 2368 Deus
668 2308 875 2369 liberet
919 2329 1015 2368 eos
1045 2309 1118 2368 ab
1137 2308 1295 2369 omni
1340 2310 1539 2378 malm,
1592 2330 1897 2391 peccatum

160 2406 357 2450 autem
387 2389 609 2449 malum
640 2389 738 2448 est.
825 2391 1032 2452 Preces
1074 2406 1271 2451 autem,
1297 2390 1416 2449 illae
1447 2412 1633 2452 nonne
1661 2396 1787 2453 sunt
1813 2394 1900 2454 in·-

75 2531 77 2533 .
160 2471 332 2531 utiles
376 2470 438 2529 &
487 2470 622 2531 fidei
662 2488 944 2551 experte3‚
1011 2471 1052 2528 fi
1102 2473 1306 2532 eodem
1357 2489 1620 2552 tempore
1663 2476 1899 2535 credant

162 2553 359 2613 Deum
386 2551 554 2624 illud,
601 2573 714 2632 pro
742 2572 862 2632 quo
901 2569 1094 2625 orant,
1141 2575 1261 2613 non.
1289 2554 1563 2612 daturum
1601 2555 1699 2626 εἰς,
1729 2557 1899 2640 quip-

162 2654 237 2716 pe
273 2636 410 2708 cum
459 2632 807 2718 impoffibile
857 2633 928 2694 fit
975 2634 1087 2693 hoc
1124 2635 1343 2713 acquiri
1391 2634 1448 2692 in
1491 2636 1621 2696 hoc.
1652 2639 1894 2709 munde,

162 2713 338 2779 etiam
359 2713 473 2774 Dei
497 2713 739 2805 Spiritus
759 2715 820 2774 ὅτ
847 2715 1054 2794 gratiae
1076 2715 1292 2775 auxilio
1324 2740 1342 2782 ·‚
1389 2715 1523 2776 licet
1551 2734 1745 2793 autem
1774 2720 1901 2780 haec

165 2794 479 2856 absurditas
524 2799 872 2877 iequeretur‚
917 2795 1184 2855 videlicet
1230 2796 1419 2875 quoad
1464 2819 1654 2880 preces
1694 2822 1900 2861 eorum

166 2876 376 2956 absque
420 2875 557 2949 fide,
622 2877 734 2936 hoc
773 2896 980 2959 parum
1028 2878 1183 2947 effet,
1258 2877 1359 2937 nisl
1401 2877 1553 2938 idem
1598 2879 1902 2946 inferretur

164 2957 236 3017 de
286 2956 550 3039 precibus
585 2957 910 3018 sanctorum
955 2958 1406 3040 Apostolorum,
1453 2961 1550 3039 qui
1579 2962 1689 3022 hoc
1737 2964 1902 3024 enixe

165 3040 509 3109 exorabant,
556 3038 799 3118 ideoque
847 3042 1075 3118 (procul
1127 3040 1333 3118 dubio)
1390 3043 1651 3123 poffibile
1707 3046 1903 3104 crede-

170 3121 331 3190 bant,
378 3119 509 3182 Col.
570 3120 645 3180 iv.
701 3140 791 3181 12.
821 3122 1028 3199 semper
1058 3122 1292 3199 filicitus
1322 3139 1426 3199 pro
1464 3125 1613 3185 vohis
1651 3128 1704 3186 in
1731 3132 1900 3199 orati,-

167 3203 366 3271 0m'bus‚
411 3214 471 3262 ut
493 3202 645 3280 stetis
663 3203 913 3285 peffmi,
961 3202 1076 3265 &a
1131 3226 1153 3265 1
1205 3203 1402 3266 Thess.
1453 3203 1526 3266 iii.
1587 3228 1682 3284 13,
1726 3208 1785 3266 ὅῑ
1841 3225 1896 3268 v.

175 3299 274 3364 23,
318 3283 435 3345 δια

187 3424 192 3427 ,
1576 3368 1709 3430 VH.
1755 3371 1895 3434 Sto
