2086 3640
379 121 475 184 De
509 121 724 183 internd
764 109 834 184 ξεῖ)
876 123 1184 185 immediate?
1224 123 1557 191 revelatione.
1759 154 1832 213 19

94 229 304 314 prima,
347 227 678 311 principalis
717 228 779 287 &
817 228 1074 289 radicalis
1116 231 1344 292 veritas.
1428 231 1651 292 Deinde
1687 253 1831 296 con-

37 370 40 374 .
97 310 424 382 fideremuS,
490 310 548 369 in
596 325 878 389 quantum
932 310 993 367 ὅτ
1050 314 1362 389 quomodo
1410 329 1660 375 externae
1713 314 1832 376 illae

16 457 20 460 Α
91 414 289 464 voceS,
353 393 414 451 ὅτ
443 389 850 470 apparitioneS,
915 390 977 448 ὅτ.
1031 391 1252 454 somnia
1301 397 1651 455 Sanctorum
1695 395 1831 456 fidei

91 474 390 553 objectum
431 469 607 531 fuere.
692 471 858 532 Tum
911 471 1347 534 observabimus
1392 477 1551 554 quod
1596 477 1829 556 quidem

88 557 337 635 objebium
363 552 604 633 formale
630 552 780 635 quod,
828 573 949 612 non
978 574 1073 634 quo
1100 557 1279 633 fuere,
1328 557 1362 615 i.
1395 578 1441 616 e.
1488 572 1643 617 erant
1690 558 1833 619 illud

87 637 227 715 quod
255 635 582 705 credebatur,
611 633 714 714 sed
744 655 845 694 non
873 635 1128 714 formalis
1170 638 1324 714 causa
1372 639 1612 698 credendi
1645 664 1661 705 ς
1705 640 1826 710 illa,

86 737 208 776 non
249 717 378 788 illis,
422 715 601 796 igitur
630 715 957 776 credebant.
1043 717 1175 778 Nec
1224 717 1456 778 fuerunt
1495 719 1578 778 illi
1618 720 1824 800 ignari,

85 797 250 876 quod
289 797 556 879 diabolus
583 799 762 879 poffit
789 812 1092 858 externum
1120 801 1443 859 verborum
1472 800 1679 861 sonum
1702 800 1829 861 for-

87 897 269 947 mare,
311 878 374 938 δε
435 877 509 937 ad
557 878 880 940 naturalem
928 898 1127 938 aurem
1169 880 1492 940 adducere:
1552 880 1828 943 facillime}

86 961 282 1039 potest
350 975 621 1020 externos
669 960 848 1020 sensus
896 960 1170 1020 deludere*
1208 960 1409 1019 fictitia
1466 963 1829 1042 apparitione

87 1059 302 1111 rerum,
349 1062 480 1123 quae
537 1040 764 1102 realiter
817 1063 938 1121 non
980 1040 1123 1102 sunt.
1211 1043 1430 1102 Nonne
1480 1044 1829 1122 experientia

86 1123 348 1201 quotidie
388 1123 667 1195 videmuS,
715 1122 1149 1204 gesticulatores
1191 1123 1493 1204 praestigiis
1542 1126 1604 1182 &
1652 1125 1826 1183 illusi-

86 1205 295 1264 onibus
335 1205 440 1264 suis
468 1204 621 1264 idem
650 1204 835 1265 facere
866 1205 898 1262 ?-
954 1203 1120 1276 abfit,
1185 1222 1252 1265 ut
1294 1204 1434 1263 fides
1477 1205 1826 1265 sanetomm

85 1300 209 1344 tam
257 1284 447 1346 fallaci
476 1285 852 1346 fundamento
883 1286 1176 1357 innitatur,
1224 1307 1400 1366 quam
1451 1287 1577 1345 sunt
1606 1289 1826 1346 externi

0 1375 1 1378 ’
82 1365 148 1423 &
174 1364 438 1428 fallibiles
467 1367 762 1429 exterioris
786 1367 1036 1427 hominis
1064 1368 1242 1427 sensus
1273 1389 1286 1425 ε
1343 1366 1477 1450 Qua
1510 1367 1675 1427 causa
1719 1368 1826 1447 igi-

83 1462 180 1505 tur
208 1449 518 1510 credebant
546 1448 627 1508 illi
670 1470 735 1510 ea
763 1465 994 1509 externa
1029 1448 1277 1526 objecta,
1323 1449 1423 1507 nifi
1459 1450 1620 1528 quod
1650 1450 1826 1509 secre-

82 1542 211 1588 tum
259 1528 316 1590 in
368 1530 642 1592 cordibus
689 1551 900 1590 eorum
942 1530 1187 1610 Spiritus
1232 1530 1665 1592 Testimonium
1695 1552 1823 1611 per-

81 1609 356 1672 suadebat
393 1613 490 1684 eiS,
534 1633 712 1672 voces
737 1613 798 1670 &
826 1610 1071 1670 visiones
1099 1613 1207 1670 effe
1250 1612 1478 1670 realiter
1520 1633 1591 1670 ex
1641 1612 1773 1672 Deo
1809 1635 1822 1672 :

81 1711 206 1752 non
247 1693 688 1754 existimandum
739 1692 820 1752 est
864 1692 1040 1751 fidem
1092 1691 1352 1773 ipsorum
1396 1693 1511 1752 hoc
1554 1692 1695 1751 loco
1726 1715 1825 1754 ex-

78 1774 254 1833 ternis
321 1774 568 1836 senfibus
607 1774 766 1834 fuisse
813 1773 1145 1851 subjectam,
1212 1774 1306 1832 sed
1374 1774 1591 1832 secreto
1644 1775 1825 1835 divini

77 1853 327 1934 Spiritus
366 1855 723 1916 testimonio.
809 1855 1072 1934 Oportet
1121 1854 1298 1933 igitur
1339 1853 1523 1925 fateri,
1570 1855 1685 1913 hoc
1717 1858 1824 1915 effe

78 1935 432 1999 Sanctorum
483 1937 618 1997 fidei
689 1933 987 2015 objectum
1030 1934 1348 2015 principale
1395 1936 1456 1993 &
1516 1936 1820 2015 originale,

123 2017 244 2076 uod
284 2016 397 2077 fine
438 2019 530 2077 hoc
557 2017 717 2078 nulla
759 2033 916 2077 certa
956 2017 1018 2074 &
1049 2016 1219 2075 firma
1274 2017 1415 2076 fides
1457 2018 1564 2076 effe
1608 2018 1819 2096 potest.

79 2035 166 2158 {t
204 2098 355 2180 saepe
396 2100 490 2160 hoc
528 2121 629 2160 uno
679 2097 820 2160 fides
861 2099 922 2157 &
950 2097 1300 2179 producitur
1327 2099 1389 2156 δε
1417 2098 1669 2158 nutritur
1697 2102 1824 2160 abs-

79 2197 192 2259 que
232 2181 484 2241 externis
532 2180 643 2241 illis
683 2180 744 2239 &
792 2179 1113 2240 vifibilibus
1161 2178 1590 2259 supplementis,
1656 2197 1723 2240 ut
1764 2181 1822 2241 in

80 2263 385 2340 permultis
425 2263 715 2324 sacrarum
756 2261 1057 2321 literarum
1086 2261 1366 2341 exemplis
1396 2277 1672 2341 apparet:
1718 2262 1823 2322 ubi

74 2342 267 2402 solum
294 2344 526 2414 dicitur,
589 2343 653 2402 &
693 2343 971 2423 loquutus
1012 2342 1094 2402 est
1122 2342 1436 2413 DominuS,
1482 2343 1543 2399 &
1572 2345 1820 2403 verbum

77 2424 324 2486 Domini
345 2425 449 2487 tali
475 2422 696 2485 faftum
725 2425 806 2483 est
835 2447 849 2483 t
893 2424 1014 2483 δῖα
1091 2423 1202 2483 Sed
1231 2422 1273 2481 fi
1297 2425 1422 2503 quis
1451 2424 1821 2502 pertinaciter

76 2508 399 2568 affirmaret
439 2507 523 2567 his
545 2505 687 2565 locis
715 2522 1014 2566 externam
1053 2526 1267 2564 vocem
1313 2504 1526 2573 inferri,
1573 2504 1820 2564 libenter

75 2588 336 2649 audirem
366 2588 643 2669 quidnam
672 2587 743 2647 ad
775 2588 891 2646 hoc
914 2586 1405 2655 confirmandum,
1453 2602 1668 2663 praeter
1697 2607 1819 2646 me-

76 2687 205 2728 ram
228 2667 640 2748 conjecturam,
687 2668 952 2749 proferre
973 2667 1095 2747 quis
1123 2669 1318 2746 possit.
1407 2666 1635 2726 Dicitur
1663 2667 1819 2728 enim

75 2751 212 2832 quod
234 2751 462 2828 Spiritus
501 2752 843 2830 testimonium
870 2748 1042 2808 reddit
1078 2749 1302 2826 Spiritui
1333 2750 1521 2824 nostr0,
1567 2769 1686 2808 non
1719 2770 1818 2809 ex-

78 2831 250 2891 ternis
290 2832 541 2902 auribuS,
587 2830 661 2891 ad
689 2831 872 2891 Rom.
901 2829 1016 2888 viii.
1058 2831 1146 2888 16.
1192 2829 1253 2886 δε
1284 2850 1415 2887 cum
1446 2832 1674 2908 Spiritus
1705 2831 1819 2890 Dei

59 2915 140 2991 stt
188 2916 242 2972 in
280 2913 443 2984 nobis,
487 2933 609 2973 non
637 2929 798 2972 extra
829 2930 955 2982 n03,
1000 2931 1057 2969 v.
1083 2931 1138 2990 9.
1185 2929 1383 2970 aurem
1426 2917 1548 2971 non
1580 2914 1815 2991 Corpo-

74 2994 276 3064 talem,
321 2993 415 3053 sed
441 2993 808 3075 Spiritualem
838 2992 1174 3072 alloquitur.
1260 2991 1448 3072 Igitur
1498 2993 1727 3072 quando
1758 2994 1815 3054 in

73 3074 370 3156 Scriptura
413 3075 641 3146 dicitur,
694 3074 976 3156 Spiritum
1007 3074 1116 3135 Dei
1161 3094 1424 3144 movere,
1472 3074 1812 3154 prohibere,

74 3173 305 3228 vocare,
348 3158 412 3216 &
436 3156 665 3237 alloqui
706 3156 988 3227 hominm,
1055 3175 1172 3215 non
1199 3153 1395 3225 video,
1443 3175 1619 3236 quare
1656 3155 1814 3214 affir-

79 3237 225 3299 inari
275 3239 467 3320 potest
497 3239 645 3299 hanc
691 3258 904 3298 vocem
933 3236 1304 3318 Spiritualem
1354 3255 1553 3295 aurem
1583 3256 1698 3296 non
1730 3236 1814 3295 al-
1879 3252 1881 3254 ·

0 3398 4 3418 Ι
79 3314 266 3400 loqui,
310 3321 403 3382 sed
444 3319 829 3401 corporalem.
914 3320 973 3381 81
1024 3317 1125 3461 qgi
1167 3317 1246 3378 ita
1283 3315 1543 3391 sentiant,
1593 3317 1814 3399 produ-

4 3420 5 3425 ’
85 3403 91 3416 “
1159 3417 1189 3457 2
1680 3412 1815 3458 cant
