2086 3640
300 127 1890 219 ff6THESISDUODECJMA

286 236 524 316 Spiritu.
608 238 894 309 Secundo,
960 238 1123 320 quod
1162 232 1417 299 Christus
1445 236 1522 298 eis
1563 238 1795 302 mandet
1836 235 2026 320 bapti-

282 337 419 376 zare
444 317 501 378 in
542 319 776 380 nomine
814 321 1024 390 Patris,
1070 320 1289 381 Filii&
1324 316 1568 398 Spiritus
1588 317 1783 390 sancti,
1826 321 1882 380 in
1912 323 2018 383 illo

277 396 464 458 fateor
483 397 676 477 jacere
694 401 1021 473 discrimen,
1068 401 1130 460 &
1157 400 1387 482 quidem
1411 418 1713 478 magnum,
1746 398 1840 460 sed
1860 404 2016 482 quod

278 477 350 536 fit
389 479 765 542 solummodo
802 482 859 543 in
893 481 1341 543 administrando
1380 499 1545 559 aquae
1588 479 1935 561 baptismum
1965 484 2023 541 in

271 557 495 618 diversa
524 562 631 621 hac
662 562 872 636 forma,
920 565 1078 624 mera
1118 583 1325 638 eorum
1365 562 1686 624 verborum
1728 563 2023 643 repetitio-

274 658 365 709 ne,
413 657 480 701 ut
508 643 621 701 hoc
663 665 778 704 non
808 646 1063 706 affirmat
1090 660 1298 714 textuS,
1344 642 1423 702 ita
1465 661 1645 722 neque
1671 641 1844 704 video
1874 663 2022 725 quo-

273 720 456 779 modo
501 723 630 782 inde
674 724 1038 793 deducatur3
1084 725 1367 806 praecepit
1393 723 1547 782 enim
1591 742 1688 783 eos
1719 722 2019 805 baptizare

232 805 236 809 ’
270 808 341 869 ἐκ
381 816 445 868 τὸ
480 810 645 882 ἵνομω,
686 805 745 865 id
767 806 866 879 est,
913 810 968 867 in
997 828 1198 877 nomen,
1242 826 1357 866 non
1396 805 1453 864 in
1480 807 1729 864 nomine.
1813 804 2021 867 IVomen

276 903 476 947 autem
497 890 720 948 Domini
747 886 1071 970 frequenter
1111 888 1168 949 in
1205 884 1498 967 Scriptura
1522 885 1687 946 aliter
1713 886 2017 965 accipitur,

280 967 457 1046 quam
484 989 596 1049 pro
617 989 780 1030 mero
795 972 1118 1031 verborum
1147 968 1307 1040 son0,
1339 964 1432 1029 vel
1453 968 1805 1047 expreffione
1827 967 2019 1027 litera-

274 1048 336 1118 li,
384 1052 567 1129 nempe?
615 1069 724 1131 pro
760 1055 823 1110 vi
858 1050 920 1110 &
955 1054 1182 1121 virtute,
1226 1066 1293 1110 ut
1320 1064 1480 1129 patet
1522 1068 1594 1108 ex
1637 1047 1785 1108 Psal.
1817 1047 1916 1108 liv.
1962 1070 2018 1128 3.

271 1130 440 1190 Cant.
473 1131 508 1190 i.
548 1152 602 1208 3.
650 1132 826 1192 Prov.
857 1132 1013 1192 xviii.
1055 1153 1144 1192 10.
1175 1132 1237 1190 &
1259 1130 1452 1190 multis
1475 1129 1594 1189 aliis
1618 1128 1774 1189 lociS.
1830 1131 2013 1269 Qtfllod

264 1226 459 1272 autem
501 1212 791 1273 debebant
828 1213 1102 1293 Apostoli
1150 1210 1405 1273 nationes
1454 1210 1750 1290 baptizare
1799 1209 1858 1269 in
1941 1231 2012 1271 oc

263 1310 475 1351 nomen
512 1293 573 1351 ὅτ
618 1293 921 1364 virtutem,
984 1295 1045 1352 δε
1080 1294 1240 1374 quod
1283 1298 1362 1352 ita
1406 1291 1682 1362 fecerunt,
1729 1306 1892 1372 patet
1939 1313 2011 1352 ex

265 1368 377 1430 illis
423 1373 589 1433 Pauli
644 1373 978 1434 testimoniis
1028 1374 1160 1434 ante
1211 1374 1435 1449 citatiS,
1475 1373 1578 1434 ubi
1628 1370 1727 1442 ait,
1773 1385 2015 1453 quotquot

266 1454 296 1511 ἒ
322 1455 469 1512 vobis
507 1456 772 1532 baptizati
778 1457 982 1534 fuistis,
1029 1455 1259 1530 induistis
1289 1455 1574 1530 Christum.
1619 1454 1762 1513 Hoc
1789 1452 2010 1514 fastum

266 1533 375 1592 effe
426 1534 688 1614 oportuit
724 1533 1084 1615 baptizandis
1135 1535 1245 1594 illis
1275 1536 1332 1594 in
1362 1552 1594 1605 nomen,
1648 1533 1708 1592 id
1740 1538 1838 1604 efz‘,
1885 1534 2008 1594 vim

262 1612 326 1671 &
363 1613 659 1686 virtutem,
705 1615 767 1674 δε
795 1636 910 1676 non
948 1614 1106 1674 mera
1135 1614 1370 1675 formali
1390 1615 1710 1674 verborum
1739 1616 2010 1694 expressi-

260 1713 373 1755 one
413 1716 548 1756 cum
590 1718 756 1778 aquae
786 1697 1074 1778 baptismo
1103 1694 1446 1776 conjunfflm
1512 1694 1667 1776 quia,
1733 1711 1800 1754 ut
1842 1695 2009 1776 supra

259 1776 579 1849 observavi,
626 1777 774 1838 illud
813 1796 928 1839 non
977 1778 1225 1858 sequitur
1266 1777 1423 1859 quas1
1451 1775 1727 1837 naturalis
1769 1793 1869 1836 aut
1912 1797 2010 1838 ne-

264 1857 495 1918 cessaria
546 1859 673 1919 talis
715 1859 984 1941 baptismi
1015 1859 1428 1940 consequentia:
1516 1857 1712 1917 Velim
1743 1878 1862 1930 eos,
1909 1858 2009 1938 qui

265 1938 514 2018 cupiunt*
549 1939 726 2000 fidem
763 1941 920 2000 suam
943 1961 1058 2000 non
1088 1941 1187 1999 alii
1206 1939 1584 2000 fundamento
1607 1936 1793 2010 inniti,
1825 1937 2006 2019 quam

260 2019 595 2081 revelationi
655 2021 833 2082 divini
886 2021 1131 2102 Spiritus
1170 2022 1232 2080 δε
1272 2021 1589 2100 Scripturae
1650 2018 2000 2091 testimoniO,

260 2100 404 2159 serio
448 2101 828 2173 confiderare,
875 2101 917 2159 fi
944 2101 1083 2182 quid
1113 2123 1223 2182 pro
1264 2100 1366 2160 tali
1408 2099 1876 2178 interpretatione
1905 2120 2003 2160 ur-

255 2199 394 2260 gere
434 2184 671 2261 poffint,
714 2199 926 2263 praeter
959 2182 1311 2242 educationis
1352 2180 1749 2261 praejudicium
1788 2191 1848 2246 ὃ(
1883 2197 2001 2242 tra-

253 2260 484 2322 ditionis
512 2263 863 2324 influentiam
897 2287 915 2331 ·‚
960 2262 1194 2323 fortasse
1237 2261 1492 2322 offendet
1534 2261 1764 2321 incauto
1813 2262 1875 2321 &
1915 2261 2000 2323 in-

254 2343 613 2422 considerato
651 2345 874 2416 leitori,
918 2343 1077 2425 quasi
1099 2344 1214 2424 ipse
1237 2342 1673 2402 Christianitatis
1701 2343 1999 2403 character

254 2423 516 2484 absciffus
574 2426 765 2498 suerit,
839 2428 976 2486 curn
1015 2445 1286 2485 moneam
1328 2423 1514 2494 illum,
1589 2424 1738 2483 hunc
1796 2423 1996 2485 locum

255 2505 571 2586 Scriptura:
614 2506 686 2566 de
726 2529 890 2588 aquae
932 2506 1220 2587 baptismo
1263 2505 1498 2564 minime
1541 2504 1891 2585 intelligere,
1934 2505 1996 2564 &

257 2587 417 2665 quod
458 2589 582 2648 haec
623 2587 811 2649 forma
849 2587 1183 2668 baptizandi
1231 2586 1374 2666 aqua
1424 2586 1480 2644 in
1510 2585 1740 2646 nomine
1784 2585 1992 2658 PatriS,

256 2667 392 2728 Filii
451 2668 514 2728 δε
565 2669 807 2749 Spiritus
846 2669 1043 2740 sancti,
1117 2669 1339 2729 Matth.
1387 2668 1584 2727 xxviii.
1634 2688 1722 2747 19.
1767 2666 2031 2727 nullum-

256 2749 594 2810 mandatum
638 2750 890 2818 habeat3
960 2751 1054 2811 sed
1102 2749 1261 2830 quod
1310 2750 1423 2807 hoc
1470 2769 1676 2808 verum
1707 2748 1795 2818 fit,
1861 2764 1994 2810 utut

255 2829 493 2903 mirum,
537 2834 599 2893 &
640 2832 668 2889 Ξι
697 2832 996 2892 communi
1033 2832 1340 2891 hominum
1380 2829 1726 2890 traditionali
1772 2830 1988 2889 senten·
2027 2895 2029 2897 ,

256 2909 335 2969 tia
374 2911 646 2984 alienum,
691 2929 903 2995 praeter
933 2913 1213 2973 rationem
1236 2912 1524 2990 sumptam
1560 2911 1589 2968 a
1624 2909 1990 2990 significatio-

254 3011 325 3050 ne
366 2993 632 3065 nominiS,
678 2994 834 3074 quod
850 2994 969 3072 scil.
1002 2994 1072 3054 fit
1097 2998 1183 3054 vis
1211 2994 1270 3052 &
1298 2996 1494 3063 virtus,
1518 2994 1579 3052 δε
1610 3012 1724 3051 non
1762 3006 1986 3051 merum

251 3092 432 3134 nomen
450 3073 678 3146 literale,
713 3073 1120 3147 confideretur,
1153 3074 1330 3154 quod,
1358 3072 1396 3131 fi
1429 3075 1551 3132 haec
1579 3071 1765 3131 fuisset
1790 3070 1979 3129 forma

250 3150 281 3208 a
323 3155 552 3215 Christo
593 3155 879 3236 discipulis
907 3155 1013 3217 suis
1051 3155 1346 3225 mandata,
1391 3151 1868 3213 verisimillimum
1899 3149 1979 3207 est

249 3231 374 3290 usos
416 3225 573 3294 fuiffe
610 3257 705 3296 eos
747 3238 854 3310 hac
885 3235 1073 3296 forma
1094 3237 1149 3296 in
1171 3234 1622 3301 administrando
1665 3232 1726 3289 iis
1769 3229 1978 3308 baptis-

256 3331 422 3374 mum
444 3334 636 3393 vaquae,
681 3318 886 3398 quibus
926 3338 1060 3379 eum
1110 3315 1592 3378 administrabant.
1676 3308 1807 3381 Sed,
1853 3310 1985 3368 licet

1854 3408 1986 3470 par-
