2086 3640
372 63 478 125 -De
519 59 735 122 internd
777 58 845 123 &
889 40 1196 120 immeeiiatd
1230 56 1569 123 ‘revelatione
1765 75 1838 132 25

90 170 181 229 ad
221 167 416 228 Deum
467 165 723 226 conversi
779 165 926 235 sunt,
1002 159 1198 224 ho'cua
1253 165 1469 226 mundo
1526 162 1838 244 redempti,

7 247 19 259 '
105 251 217 309 hoc
257 250 315 309 in
362 246 849 307 imbecillitatibus
883 242 1270 315 corroborati,
1337 245 1394 305 in
1438 244 1841 306 affiistionibus

0 332 1 336 ’
58 351 61 354 ·
103 330 305 390 solatio
347 327 558 398 affeffi,
624 328 682 386 in
725 325 1129 385 tentationibus
1172 325 1524 397 confirmati,
1586 327 1645 384 in
1674 328 1842 406 paffi-

36 438 40 441 ·
92 411 312 472 -onibus
334 409 596 487 intrepidi
629 406 967 477 remansere,
1013 406 1073 464 &
1112 407 1169 465 in
1200 406 1398 466 medi-is
1442 407 1842 486 persecutioni-

0 485 1 494 *
107 494 212 552 bus
242 488 689 568 triumpharunt.
730 487 988 569 Qidni?
1025 487 1289 547 omnium
1306 491 1587 547 verorum
1603 487 1842 547 Christi-

106 580 348 631 anorum
385 570 594 650 scripta
623 570 785 648 hujus
808 567 1047 648 Spiritus
1087 568 1277 626 laudes
1307 568 1620 639 declarant,
1652 569 1842 649 elogia

95 652 388 723 resonant,
411 651 472 710 &
498 650 799 732 praeconiis
821 649 1135 718 abundant,
1166 648 1228 706 δε
1258 649 1545 727 magnalia
1566 650 1666 709 illa
1689 670 1816 728 prae

103 732 316 804 dicant,
364 754 494 813 quae
524 732 693 810 hujus,
727 730 972 812 Spiritus
1014 750 1150 809 ope,
1214 730 1296 799 vi,
1341 731 1402 788 δε
1429 730 1644 790 virtute
1692 730 1840 790 fece—

104 831 253 873 runt.
324 817 556 892 Spiritus
591 819 688 884 eft',
735 817 825 893 qui
862 812 1132 886 vivificat,
1195 811 1329 888 Joh.
1360 811 1436 869 vi.
1473 812 1566 888 63.
1610 815 1842 888 Spiritus

94 895 243 954 dedit
283 895 395 955 illis
429 895 617 975 eloqui,
651 896 791 954 Aer.
821 893 877 952 ii.
902 914 959 968 4.
1022 895 1254 970 Spiritus
1295 906 1433 961 erat,
1480 915 1574 972 quo
1599 894 1840 973 loqueba-

100 989 194 1034 tur
237 974 552 1054 Stephanus,
617 980 702 1036 cui
756 977 986 1053 ressstere
1024 996 1124 1033 non
1152 987 1402 1052 poterant
1444 974 1650 1050 Judcei,
1699 975 1838 1034 Αὲῑῑ.

100 1056 177 1115 vi.
231 1079 321 1118 10.
423 1059 500 1116 Iis
562 1062 660 1127 est,
729 1061 819 1137 qui
874 1056 1158 1135 secundum
1212 1056 1465 1133 spiritum
1534 1055 1836 1127 ambulant,

78 1139 287 1216 'quibus
329 1144 406 1199 est
457 1139 614 1198 nulla
667 1139 1041 1208 condemnatic),
1101 1138 1280 1195 Rom.
1322 1135 1434 1193 viii.
1505 1159 1554 1195 1.
1627 1139 1746 1195 Lex
1787 1161 1839 1197 e-

100 1221 210 1278 nim
233 1221 457 1298 spiritus
485 1221 700 1290 liberat,
732 1240 854 1280 ver.
891 1239 942 1279 2.
974 1222 1172 1297 spiritu
1195 1218 1526 1278 inhabitante
1547 1217 1841 1278 liberamur

99 1302 136 1358 (Ξ
159 1322 318 1360 carne
363 1303 432 1363 699
472 1302 746 1381 sapientiai
789 1304 918 1384 ejus,
969 1321 1088 1360 ver.
1133 1321 1190 1379 9.
1237 1300 1436 1377 spiritu
1470 1301 1635 1377 satta
1661 1305 1841 1360 carnis

98 1385 474 1458 mortificamus
507 1385 576 1445 ὃ
604 1386 863 1454 vivimus,
907 1402 1027 1441 ver.
1068 1403 1159 1458 13.
1244 1382 1359 1441 Hoc
1376 1383 1577 1458 spiritu
1605 1381 1838 1459 adoptia-

95 1483 211 1522 nem
234 1470 540 1543 accepimus,
575 1466 644 1527 699
673 1464 984 1534 clamamus,
1019 1465 1179 1524 Abba
1210 1465 1403 1533 Pater,
1427 1483 1546 1520 ver.
1589 1482 1679 1538 15.
1725 1464 1839 1543 Ipse

96 1547 234 1604 enim
267 1548 353 1606 hic
384 1551 609 1625 spiritus
637 1548 979 1622 testimonium
1014 1547 1188 1606 reddit
1216 1547 1436 1622 spiritui
1464 1545 1652 1619 nostra,
1705 1542 1844 1624 quod

82 1627 266 1704 fiemus
278 1627 396 1701 filii
424 1631 554 1698 Dei,
600 1649 719 1687 ver.
761 1628 850 1686 16.
937 1627 1044 1685 Hic
1083 1629 1309 1704 spiritus
1353 1626 1582 1707 adjuvat
1609 1627 1837 1700 infirmi-

96 1720 257 1766 tatem
305 1711 558 1782 nostram,
629 1710 699 1770 699
755 1706 990 1786 postulat
1027 1725 1132 1786 pro
1186 1710 1349 1777 nobis,
1409 1708 1682 1786 gemitibus
1724 1710 1835 1767 ine-

96 1791 487 1862 narrabilibus,
533 1811 652 1848 ver.
682 1789 776 1848 26.
864 1791 980 1849 Per
1006 1791 1143 1848 hunc
1173 1791 1426 1867 spiritum
1448 1788 1718 1846 revelavit
1743 1811 1834 1847 no-

95 1869 175 1928 bis
212 1871 362 1930 Deus
406 1872 684 1931 mirabilia
718 1884 930 1946 parata
967 1872 1130 1939 nobis,
1184 1893 1297 1950 quae
1346 1892 1436 1928 nec
1467 1869 1642 1928 oculus
1668 1870 1829 1940 vidit,

94 1972 185 2009 nec
217 1956 366 2011 auris
411 1954 642 2022 audivit,
679 1972 770 2011 nec
805 1955 858 2011 in
881 1971 969 2010 cor
989 1953 1208 2011 hominis
1239 1952 1593 2029 ascenderunt,
1637 1973 1658 2010 1
1691 1952 1829 2011 Cor.

91 2030 146 2088 ii.
189 2053 279 2091 10.
366 2034 484 2093 Hoc
498 2032 699 2112 spiritu
737 2032 807 2111 699
841 2035 1129 2113 sapientia,
1180 2033 1248 2094 699
1283 2035 1524 2110 scientia,
1585 2033 1653 2093 699
1667 2033 1828 2107 fides,

42 2127 47 2129 ’
94 2112 164 2173 699
213 2119 459 2186 virtutes,
539 2118 609 2179 699
679 2115 892 2196 linguae‚
973 2115 1041 2175 699
1093 2114 1396 2193 Prophetiae
1456 2117 1828 2194 acquiruntur,

101 2215 126 2254 1
166 2196 302 2254 Cor.
352 2196 448 2256 xii.
482 2200 540 2267 8,
575 2217 636 2275 9,
694 2217 783 2256 10.
815 2197 907 2256 hoc
926 2198 1130 2275 spiritu
1168 2218 1337 2256 omnes
1374 2199 1430 2255 in
1459 2218 1620 2255 unum
1648 2213 1833 2273 corpus

93 2276 362 2353 baptizati
408 2280 613 2356 sumus,
700 2298 790 2356 13.
880 2277 1140 2357 Denique
1196 2277 1334 2357 quid
1387 2277 1532 2337 illud
1587 2276 1689 2347 est,
1758 2279 1830 2335 ad

93 2357 327 2417 Sanetos
377 2359 688 2438 pertinen3‚
751 2357 1016 2419 animam
1057 2359 1332 2438 spe&an3,
1397 2359 1493 2416 vel
1534 2359 1608 2416 ad
1645 2358 1829 2418 vitam

87 2454 372 2502 aeternam
414 2441 758 2510 conducen3‚
805 2440 962 2519 quod
1010 2439 1219 2519 absque
1263 2441 1374 2499 hoc
1416 2438 1630 2518 Spiritu
1676 2439 1829 2499 reste

94 2519 312 2597 agitur,
358 2522 453 2582 vel
478 2521 705 2581 realiter
726 2520 1019 2581 obtinetur
1042 2522 1062 2579 ?
1111 2522 1194 2581 Et
1215 2521 1353 2601 quid
1381 2520 1567 2580 adhuc
1587 2518 1776 2578 dicam
1802 2523 1823 2580 ?

95 2597 351 2662 Deficiet·
385 2602 539 2661 enim
588 2601 729 2661 mihi
771 2618 999 2682 tempus
1040 2603 1346 2672 enarranti,
1392 2601 1454 2658 &
1483 2621 1612 2680 quae
1642 2601 1720 2681 pii
1762 2624 1825 2660 o-

92 2678 198 2739 lim
237 2683 347 2742 viri
387 2683 769 2754 declararunt,
834 2683 897 2741 δε
937 2683 1127 2742 Sanffi
1170 2683 1338 2742 hodie
1367 2681 1672 2763 poffident,
1721 2683 1826 2742 hu-

84 2757 179 2837 jus
218 2761 581 2844 inhabitantis
621 2763 867 2844 Spiritus
888 2763 946 2822 vi
965 2764 1027 2822 &
1046 2763 1280 2824 virtute.

177 2843 400 2904 Cmvrn
434 2845 574 2904 mihi
623 2846 820 2905 charta
862 2845 1062 2915 deerit,
1111 2845 1150 2902 s1
1180 2845 1402 2921 infinita
1443 2847 1540 2908 illa
1569 2845 1822 2906 testimo-

91 2921 206 2995 nia,
251 2944 381 3004 quae
422 2925 568 2985 hanc
614 2926 919 2986 veritatem
948 2926 1317 2998 confirmant,
1364 2927 1820 2999 transcriberem,

90 3004 154 3062 ὅτ
195 3026 267 3064 ex
308 3005 523 3065 Sanffls
567 3007 856 3078 Patribus,
900 3008 963 3067 δε
1001 3027 1074 3067 ex
1109 3008 1351 3088 pristinis
1397 3005 1827 3087 uniuscujusque

93 3085 552 3148 Christianorum
622 3087 979 3168 profeffionis
1033 3088 1255 3170 generis
1316 3089 1549 3169 seriptis,
1635 3090 1826 3170 Igitur

93 3182 309 3245 praeter
336 3189 423 3240 ea,
469 3189 579 3247 que
608 3186 773 3230 antea
808 3190 886 3230 ex
928 3171 1214 3242 PatribuS‚
1258 3191 1400 3250 quos
1430 3190 1627 3230 omnes
1654 3170 1823 3251 teque

92 3263 459 3337 yenerantur,
504 3250 566 3316 &
601 3270 732 3335 quae
781 3271 853 3316 ex
880 3252 1148 3317 Luthero
1194 3252 1256 3316 &
1284 3251 1698 3316 Melandthone
1742 3253 1822 3343 εἰτ

118 3380 123 3384 .
1701 3349 1819 3401 tav1
