2086 3640
219 107 308 172 De
327 106 598 170 Commun:
633 104 705 170 ἐξ
729 105 940 167 Partic.
983 119 1123 184 corp.
1149 101 1221 166 δέ*
1235 102 1391 187 sang.>
1423 101 1645 179 Christi.
1730 122 1875 183 409>

120 213 219 295 qui
266 234 402 275 cum
441 234 512 275 eo
549 211 993 282 resurrexerunt,
1053 209 1377 281 videamuS,
1449 225 1592 269 num
1640 216 1857 275 necefl'e

123 295 429 367 existimet,
509 310 576 354 ut
613 311 853 356 utantur
890 294 999 354 cibo
1036 306 1131 353 aut
1162 304 1316 371 potu,
1373 307 1521 369 pane
1567 303 1664 350 aut
1701 296 1851 367 vino,

123 378 200 437 ad
222 376 723 437 commemorandam
746 375 947 452 Christi
974 387 1211 446 mortem,
1276 371 1369 431 vel
1417 391 1560 431 num
1582 373 1858 434 condem-

120 458 245 517 nari
285 460 555 529 debeant,
602 456 642 515 fi
679 477 797 516 non
835 471 1093 525 utantur,
1137 474 1258 513 ver.
1291 452 1385 514 16.
1429 451 1600 513 Nemo
1620 474 1742 536 ergo
1759 477 1855 516 vos

107 540 311 620 judicet
359 545 414 600 in
452 540 560 600 cibo
597 550 691 599 aut
729 541 786 597 in
816 549 966 615 potu.
1052 536 1163 594 Sed
1189 535 1411 614 quare?
1458 535 1713 615 quoestcnt
1737 559 1858 597 um-

120 623 224 680 bra
253 624 591 700 futurorum,
623 635 808 697 corpus
845 630 1016 678 autem
1054 618 1124 694 est
1152 637 1215 676 ex
1245 615 1472 693 Christo.
1558 618 1714 678 Cum
1744 619 1859 701 igi-

122 718 219 760 tur
259 701 545 762 fateantur
585 699 886 760 adversarii
917 715 1114 776 panem
1163 698 1234 759 &3³
1276 701 1464 757 vinum
1504 717 1710 760 eorum
1738 724 1860 762 um-

124 784 280 842 bram
321 801 421 843 aut
450 785 690 865 figuram
709 781 839 852 effe,
886 780 1063 860 igitur
1089 778 1398 839 secundum
1429 781 1707 860 Apostoli
1753 784 1862 844 do·

121 863 366 923 {trinam
413 862 786 924 condemnari
822 882 937 921 non
980 863 1258 922 debemus
1322 877 1567 941 propter
1594 862 1711 944 ejus
1741 885 1859 928 non

120 945 603 1005 observationem.
688 944 800 1003 Sed
836 942 1141 1022 expeditne
1177 942 1260 1014 iis,
1325 947 1426 1022 qui
1474 945 1694 1004 mortui
1727 946 1859 1010 sunt

122 1045 253 1085 cum
299 1027 553 1097 Christe,
598 1025 798 1103 subjici
825 1025 1036 1086 talibus
1071 1023 1376 1083 institutis?
1440 1023 1592 1084 Vide
1611 1026 1750 1104 quid
1778 1032 1860 1090 ait

119 1128 239 1166 ver.
277 1127 372 1168 20.
417 1109 476 1167 Si
524 1129 638 1188 ergo
695 1110 891 1166 mortui
931 1108 1047 1183 estis
1095 1123 1212 1164 cum
1258 1104 1467 1180 Christo
1496 1107 1565 1167 ab
1594 1106 1860 1171 elementis

120 1190 274 1270 hujus
321 1189 523 1259 mundi,
570 1186 699 1269 quid
733 1188 924 1258 adhuc,
970 1200 1229 1268 tanquam
1268 1189 1515 1246 viventes
1543 1190 1599 1247 in
1642 1189 1854 1264 mundo,

121 1270 554 1350 dogmatizamini
570 1272 600 1327 ?
646 1269 736 1329 Ne
782 1273 1077 1350 tetigeritis,
1145 1289 1306 1349 neque
1346 1270 1712 1349 gustaveritis,
1765 1294 1858 1332 ne-

117 1371 214 1430 que
261 1354 734 1421 contrettaveritis,
781 1373 894 1431 qua>
923 1354 1098 1410 omnia
1119 1350 1308 1411 utendo
1330 1351 1856 1491 {ereuntsecundum

106 1447 376 1511 praecepta
441 1434 509 1495 δᾶ
561 1434 825 1494 dottrinas
878 1432 1159 1501 hominum.
1245 1432 1302 1493 Si
1387 1452 1458 1491 oc
1499 1453 1618 1491 non
1663 1434 1860 1496 valeat

116 1515 189 1572 ad
258 1515 583 1576 absolutam
625 1517 1010 1574 neceffitatem
1052 1515 1216 1592 panis
1265 1514 1336 1575 69⁹
1383 1515 1505 1573 vini
1550 1533 1857 1576 removen-

118 1596 277 1666 dam,
324 1597 460 1677 quid
505 1596 678 1654 tollet
726 1597 905 1655 earn?
975 1613 1162 1654 certus
1204 1594 1350 1664 sum,
1419 1594 1703 1655 rationem
1743 1596 1859 1659 hoc

117 1677 253 1736 loco
294 1679 490 1737 datam
530 1677 594 1735 iis
636 1676 1044 1756 applicabilem
1101 1676 1230 1747 effe,
1278 1675 1437 1755 qubd
1483 1677 1701 1737 utendo
1755 1700 1860 1760 pe-

115 1776 300 1830 reant,
348 1762 485 1818 cum
523 1760 635 1818 hoc
684 1758 863 1818 modo
900 1772 1137 1837 pereant
1171 1758 1330 1837 panis
1372 1757 1681 1831 &vinum,
1736 1780 1859 1822 non

116 1838 272 1900 secus
314 1840 493 1920 quem
548 1840 668 1899 ulla
712 1839 841 1898 alia.
926 1839 1037 1898 Sed
1072 1839 1295 1910 deinde,
1342 1838 1386 1897 fi
1428 1860 1575 1919 aqua?
1597 1843 1858 1918 panis&

115 1924 304 1981 vinum
333 1943 397 1981 ea
434 1938 618 1991 erant,
663 1920 721 1980 in
770 1920 976 2000 quibus
996 1922 1158 2001 stgna
1199 1922 1326 1978 novi
1344 1922 1573 2000 foederis
1593 1921 1858 1982 confiste-

112 2022 267 2074 rent,
311 2004 375 2062 &
420 2002 494 2062 ad
535 2001 829 2082 praecipua
872 2000 1180 2082 Evangelii
1221 2004 1574 2078 Sacramenta
1621 2006 1714 2080 (ut
1753 2025 1856 2084 ap-

116 2085 362 2164 pellant)
404 2085 464 2143 &
483 2084 692 2143 statuta
715 2082 1070 2162 Evangelica
1093 2082 1464 2164 pertinerent,
1499 2099 1638 2144 tunc
1660 2084 1858 2145 Evan-

115 2165 335 2245 gelium
385 2165 414 2223 ὲ
458 2166 624 2245 Lege
665 2185 798 2223 non-
824 2163 1104 2235 differret,
1177 2184 1282 2223 nec
1329 2166 1380 2224 ei
1428 2165 1856 2245 praeferendum

115 2248 272 2317 esset,
320 2250 456 2307 cum
499 2245 823 2326 Apostolus
863 2248 1009 2306 hanc
1051 2246 1439 2308 differentiam
1469 2246 1644 2319 fistat,
1690 2249 1855 2309 Heb.

118 2330 193 2388 ix.
229 2349 319 2387 10.
366 2329 423 2387 in
462 2349 555 2398 e0,
622 2327 780 2408 quod
821 2327 963 2387 tales
1026 2328 1369 2406 Judaeorum
1432 2329 1858 2391 observationes

116 2425 280 2471 erant
330 2410 539 2488 figurae
569 2408 898 2487 Evangelii,
945 2411 1059 2490 qua>
1079 2409 1255 2487 solnm
1280 2411 1507 2488 stabant
1541 2414 1598 2471 in
1630 2412 1755 2471 cibis
1784 2414 1858 2474 ἔθ’

106 2491 338 2572 potibus,
385 2491 455 2551 δέ
503 2491 677 2549 variis
716 2491 1128 2568 baptismatibus.
1212 2491 1272 2550 Si
1315 2509 1511 2553 autem
1555 2492 1613 2550 in
1657 2492 1854 2553 iisdem

118 2574 228 2633 stet
265 2570 575 2650 Evangelii
619 2571 993 2631 ministerium
1046 2578 1109 2636 &
1158 2572 1367 2644 cultuS,
1414 2573 1515 2632 ubi
1561 2573 1641 2631 est
1689 2573 1856 2634 diffe-

118 2653 338 2715 rentia?
385 2653 443 2711 Si
499 2653 698 2712 dicetur
745 2652 843 2711 has
878 2653 983 2712 sub
1022 2653 1350 2732 Evangelio
1383 2653 1725 2733 spiritualem
1757 2655 1856 2716 ha-

118 2739 255 2796 bere
285 2735 755 2816 fignificationem:
839 2735 1158 2813 Respondeo,
1205 2735 1281 2795 fic
1310 2736 1683 2796 habebant&
1711 2736 1852 2810 illae,

118 2838 247 2898 quae
283 2817 387 2877 sub
430 2815 595 2895 Lege
627 2831 811 2887 erant,
878 2826 934 2879 ὃ(
979 2817 1137 2875 Deus
1175 2837 1374 2876 earum
1431 2834 1558 2877 erat
1617 2819 1849 2892 author,

118 2919 239 2959 non
280 2898 433 2957 secus
482 2916 549 2955 ac
607 2895 862 2955 Christus
916 2895 1124 2957 dicitur
1194 2899 1419 2961 harum.
1502 2899 1614 2959 Sed
1662 2912 1887 2961 nonne'

117 2981 244 3039 haec
286 2979 551 3059 pertqu
591 2976 883 3037 contentio
916 2994 1018 3055 pro
1065 2978 1156 3056 ufic
1205 3001 1376 3060 aquoe,
1413 2982 1579 3058 panis
1608 2981 1678 3043 {9³
1705 2984 1849 3054 vini,

118 3062 278 3140 quasi
318 3062 453 3120 effet
490 3074 630 3136 pars
657 3057 828 3118 cultds
849 3060 1187 3142 Evangelici‚
1234 3062 1404 3141 ipsius
1430 3062 1725 3142 Evangelii
1751 3084 1854 3122 na-

119 3156 299 3203 turam
341 3139 601 3209 destruit,
668 3139 825 3218 quafi
877 3142 1013 3201 effet
1067 3143 1366 3222 dispensatio
1410 3145 1727 3203 umbrarum
1753 3145 1759 3152 ’
1789 3144 1853 3201 &-

117 3244 234 3283 non
239 3224 571 3302 ficbstantiae,
618 3219 754 3278 cum
786 3222 1109 3303 Apostolus
1132 3225 1186 3283 in
1209 3224 1313 3285 illo
1341 3225 1414 3286 ad
1438 3224 1654 3285 Colofl'.
1683 3224 1852 3304 supra

117 3305 317 3380 citam,
363 3314 803 3384 argumentetur
844 3320 1046 3367 contra
1096 3305 1301 3368 talium
1334 3306 1519 3379 usum,
1565 3303 1723 3385 quasi
1754 3327 1850 3364 ne-

1546 3387 1849 3452 cessarium
