2086 3640
216 97 342 173 '460
422 95 804 158 THESJS
878 87 1336 155 DECIMA
1389 94 1813 178 QUINTA.

215 217 403 283 paret,
446 203 614 262 illum
653 221 758 260 nec
799 198 995 259 Deum
1042 220 1144 258 nec
1166 199 1419 280 gloriam
1440 201 1556 281 ejus
1577 205 1961 284 cognoscere&

212 282 446 345 abunde
501 283 741 342 testatur
781 280 1166 359 experientia,
1216 280 1372 361 quod
1409 280 1469 341 in
1517 303 1716 346 earum
1767 307 1963 350 rerum

213 364 316 422 usu
366 363 625 423 homines
671 361 750 422 nil
817 362 1033 433 minus,
1080 363 1292 442 ‘quam
1339 362 1451 422 Dei
1495 365 1771 443 gloriam,
1844 371 1966 430 ani-

215 445 610 514 madvertunt,
656 463 842 523 neque
883 441 1101 524 aliquid
1164 465 1258 503 ma
1307 443 1372 514 is,
1417 443 1594 524 quam
1644 440 1963 511 carnalium

213 524 547 604 cupidinum
590 524 652 583 &
711 524 1093 584 voluntatum
1126 464 1592 611 satisffifflonem,
1658 545 1962 607 appetunt.

212 603 432 665 Monet
470 627 574 665 nos
617 605 962 685 ApostoluS,
1017 628 1040 666 1
1080 608 1217 667 Cor.
1262 606 1358 666 vii.
1387 613 1489 684 ²30.
1533 623 1621 690 ut,
1666 612 1797 689 quia
1822 624 1955 671 tem·

202 701 313 766 pus
355 687 516 747 breve
553 688 644 764 est,
690 690 780 769 qui
820 699 1017 758 emunt,
1049 687 1165 763 stnt
1204 701 1459 768 tanquam
1481 709 1582 748 non
1607 689 1909 768 poffidentes
1929 717 1950 760 ;

213 767 288 828 δέ
333 772 424 848 qui
463 782 688 830 utuntur
716 769 928 840 mundo,
974 780 1226 849 tanquam
1248 791 1347 829 non
1379 782 1591 829 utentes.
1675 771 1789 831 Sed
1806 793 1954 865 quo-

212 849 400 910 modo
439 850 569 911 huic
589 866 884 930 praecepto
913 851 1345 932 obtemperant,
1390 851 1488 930 qui
1521 850 1795 912 ludorum
1814 854 1952 915 lsto-

215 949 348 990 rum
406 931 766 1011 aliorumque
823 931 882 991 id
921 950 1097 1012 genus
1146 933 1310 993 usum
1351 931 1670 1003 vindicant,
1740 935 1950 1015 quibus

214 1026 444 1091 tempus
477 1012 621 1074 adeo
663 1013 909 1094 longum
960 1012 1208 1085 videtur,
1273 1030 1341 1073 ut
1373 1013 1434 1072 id
1478 1011 1790 1096 tranfigere
1833 1035 1950 1086 non

210 1096 454 1172 poffint,
520 1114 703 1174 neque
749 1095 807 1154 in
851 1093 985 1154 curi
1033 1093 1381 1176 animarum,
1444 1115 1628 1174 neque
1675 1095 1810 1156 cura
1852 1117 1952 1157 ne-

213 1174 442 1237 cessaria
493 1176 753 1255 corporis
799 1174 862 1234 ,ὅτ
911 1191 1305 1248 externorum,
1379 1175 1483 1236 nifi
1528 1176 1587 1235 id
1635 1177 1812 1238 etiam
1867 1194 1952 1239 te·-

211 1271 345 1314 rant
385 1253 441 1314 in
485 1256 631 1316 ludis
676 1255 811 1326 istis,
857 1256 1018 1336 quasi
1062 1257 1177 1317 alio
1234 1276 1409 1338 opere
1438 1265 1717 1329 carerent,
1762 1258 1859 1321 vel
1879 1260 1954 1320 ad

215 1335 346 1395 Deo
387 1335 766 1408 serviendum,
832 1338 927 1396 vel
981 1338 1203 1417 generis
1228 1339 1460 1398 humani
1478 1338 1800 1400 commodo
1836 1339 1953 1401 stu-

211 1415 484 1476 dendum.
568 1418 750 1495 Jubet
786 1438 890 1477 nos
938 1419 1164 1488 PetruS,
1219 1440 1242 1478 1
1276 1421 1401 1479 Pet.
1454 1420 1490 1479 i.
1546 1437 1636 1498 17.
1680 1433 1740 1480 ut
1782 1423 1838 1482 in
1880 1425 1954 1482 ti-

213 1519 355 1561 more
403 1500 765 1577 conversamur
801 1512 1029 1576 tempore
1084 1500 1247 1575 nostri
1311 1499 1578 1560 incolatas.
1663 1501 1773 1559 Sed
1830 1503 1956 1581 quis

213 1578 385 1650 dicet,
460 1579 638 1659 quod,
729 1579 828 1659 qui
887 1579 1054 1651 ludis,
1129 1580 1453 1652 comoediis,
1525 1581 1953 1657 saltationibus,

209 1659 379 1739 pistis
421 1661 653 1732 chartiS,
699 1660 1009 1731 aleatorio,
1081 1660 1144 1719 δε
1193 1660 1251 1719 id
1298 1682 1478 1743 genus
1526 1661 1649 1722 aliis
1690 1677 1952 1738 utuntur,

213 1742 348 1800 huic
380 1758 683 1823 praecepto
722 1743 1149 1824 obtemperent,
1196 1743 1296 1803 ubi
1343 1742 1481 1803 nihil
1510 1743 1819 1804 videndum
1847 1745 1954 1819 est,

212 1821 316 1892 nist
345 1824 585 1894 vanitas,
633 1822 881 1895 lascivia,
924 1829 988 1888 ὅτ,
1016 1822 1360 1886 obscoenitas
1405 1841 1821 1899 commentata,
1866 1827 1954 1887 ni-

212 1903 449 1976 mirum,
514 1922 582 1964 ut
620 1905 651 1962 a
697 1904 906 1964 timore
956 1905 1067 1964 Dei
1119 1905 1375 1966 homines
1429 1903 1793 1972 retrahantur
1849 1917 1961 1988 per'

211 1982 489 2062 ejusmodi
546 1986 774 2046 inventa
835 1984 910 2045 ad
949 1986 1168 2046 diaboli
1216 1986 1611 2049 ministerium.
1699 1988 1954 2052 Nullum

210 2066 474 2125 officium
534 2066 885 2147 frequentius
948 2067 1306 2147 praecipitur,
1372 2087 1553 2148 neque
1623 2069 1956 2132 Christianis

211 2147 399 2227 magis
449 2147 755 2217 incumbit,
829 2145 1007 2227 quam
1068 2148 1247 2209 timor
1293 2148 1556 2219 Domini,
1619 2162 1680 2210 ut
1711 2150 1827 2213 scil.
1871 2173 1955 2213 co-

210 2247 338 2287 ram
394 2227 485 2288 illo
526 2231 823 2299 timeamus,
891 2228 961 2289 &²
1011 2231 1158 2308 quast
1204 2231 1262 2289 in
1302 2230 1563 2308 conspeblu
1608 2232 1723 2314 qius·
1764 2233 1951 2293 ambu-

211 2308 396 2381 lemus,
462 2309 577 2380 sed,
637 2309 736 2391 qui
771 2308 886 2369 istis
935 2309 1084 2369 ludis
1113 2324 1376 2381 utuntur,
1435 2309 1479 2368 fi
1520 2311 1552 2368 a
1600 2311 1951 2375 conscientiis

211 2388 373 2470 loqui
407 2391 637 2462 volunt,
684 2411 798 2450 non
845 2390 1077 2463 dubit0,
1123 2390 1262 2471 quin
1299 2391 1721 2471 experimenter
1761 2393 1955 2457 decla-

211 2491 338 2530 rare
400 2475 639 2551 poffint,
711 2471 871 2552 quod
911 2471 1058 2531 inter
1107 2471 1422 2533 ludendum
1478 2473 1627 2533 hunc
1676 2473 1952 2538 timorem

191 2552 665 2621 sobliviscuntur3
711 2552 775 2612 &
816 2552 1000 2633 quod,
1048 2551 1088 2612 fi
1128 2554 1284 2617 Deus
1331 2573 1429 2614 eos
1482 2555 1701 2616 secreto
1739 2555 1948 2617 suolu-

210 2633 364 2692 mine
412 2649 633 2715 tangat,
680 2649 924 2694 utuntur
963 2634 1106 2707 lusu,
1151 2650 1220 2695 ut
1259 2635 1518 2695 remedio
1565 2635 1639 2696 ad
1675 2637 1950 2701 timorem

211 2713 383 2774 illum
430 2716 493 2774 &
545 2717 761 2776 sensum
817 2714 1057 2775 Domini
1119 2715 1534 2788 amovendum,
1602 2717 1674 2780 ξεῖ
1692 2720 1777 2796 stc
1808 2739 1948 2801 gau-

211 2795 335 2855 dent
364 2797 534 2875 super
585 2797 747 2880 justa,
832 2810 980 2876 quem
1022 2800 1078 2858 in
1109 2799 1394 2876 semetipsts
1447 2799 1828 2878 interfecerunt
1873 2800 1947 2862 δ’

206 2879 601 2952 crucifixerunt.
688 2876 933 2949 Deinde,
979 2876 1022 2936 fi
1066 2879 1591 2940 animadvertendae
1637 2878 1747 2942 sint
1774 2881 1948 2941 Chri·

211 2957 280 3016 sti
339 2958 816 3029 ratiocinationeS,
889 2958 987 3039 qui
1031 2958 1134 3031 ait,
1205 2960 1428 3021 Matth.
1470 2959 1568 3020 xii.
1615 2979 1711 3039 35.
1784 2963 1948 3024 bonus

210 3038 356 3099 homo
411 3039 474 3101 de
509 3042 635 3101 bono
674 3041 915 3119 thesauro
952 3042 1163 3119 profert
1208 3043 1364 3112 bona,
1410 3041 1581 3102 malus
1634 3042 1781 3103 homo
1813 3059 1944 3122 pro-

189 3120 318 3203 fert
358 3121 509 3180 mala
552 3122 614 3182 de
661 3119 801 3180 malo
843 3122 1101 3199 thesauro.
1186 3123 1266 3181 Et
1312 3123 1449 3204 quod
1492 3125 1555 3183 de
1594 3127 1734 3188 omni
1777 3125 1942 3183 verbo

212 3201 360 3275 otion
407 3202 499 3258 vel
531 3201 728 3272 inutili,
802 3203 936 3282 quod
981 3203 1180 3283 loquuti
1208 3205 1422 3282 fuerint
1468 3205 1713 3274 homines,
1773 3206 1941 3262 ratio-

203 3293 328 3341 mm
371 3281 587 3348 reddent
608 3287 663 3345 in
685 3283 768 3345 die
790 3283 1008 3366 Judicii,
1054 3282 1223 3347 facile
1245 3284 1443 3367 colligi
1464 3284 1675 3368 potest,
1702 3282 1938 3427 lfel-{nali

1674 3378 1700 3427 t
1742 3384 1772 3426 e
1826 3385 1938 3428 uro
