2086 3640
261 68 353 133 De
372 66 644 131 Commun.
669 61 740 129 &³
770 58 988 127 Partic.
1015 76 1157 144 corp:
1199 61 1272 126 (θ’
1292 62 1447 143 sang.
1479 59 1699 140 Christi.
1773 82 1894 146 399

149 173 534 237 reverentiam
560 171 624 231 δι
650 169 1085 231 venerationem
1107 167 1383 237 obtinuit,
1426 185 1603 246 quam
1632 187 1744 247 pro
1771 172 1894 245 illa,

150 276 306 336 quae,
355 254 397 314 fi
419 252 723 334 tantopere
758 251 928 313 nobis
968 249 1279 310 traditione
1308 248 1779 310 recommendata
1805 252 1899 313 fu..

144 335 295 408 iffet,
342 336 550 418 procul
585 333 788 405 dubio,
832 351 951 394 non
990 331 1179 392 minsis
1199 329 1474 391 tenaciter
1496 328 1788 406 ¹vin-dicata
1807 332 1899 394 fu-

151 417 276 478 iffet
301 444 320 486 ;
365 421 503 478 cnm
523 434 639 478 non
660 414 847 476 minus
869 414 928 473 in
956 412 1254 493 Scriptura
1283 410 1643 472 fiandamenti
1666 410 1898 475 habeat.

155 501 364 582 Qum
413 499 593 579 igitur
646 495 834 578 prior,
899 495 1047 555 lotio
1073 493 1194 573 scil.
1237 494 1478 575 pedum,
1513 490 1648 571 jure
1686 496 1902 555 merito

154 579 420 661 deposita
482 579 552 640 fit
572 623 592 652 ‚
654 596 840 658 neque
900 574 1236 635 Christianis
1296 574 1631 635 incumbere
1678 572 1904 655 judice·

155 677 274 732 tur,
317 661 399 722 ita
428 660 606 722 etiam
633 658 761 720 haec
809 656 973 739 panis
1000 655 1211 717 fractio
1254 656 1455 716 eadem
1487 656 1648 740 causa
1688 657 1903 740 deponi

153 742 347 804 debet.

239 822 378 884 V11.
419 824 562 886 San
607 821 822 884 mirum
863 817 1009 879 mihi
1044 816 1296 890 videtur,
1340 819 1501 899 quod
1541 819 1601 892 ii,
1648 822 1749 903 qui
1791 843 1906 904 pro

151 903 268 964 hac
299 903 624 966 ceremonia
658 901 804 963 adeo
824 900 1151 972 clamitant,
1197 902 1364 980 eique
1384 900 1553 961 adaeo
1582 902 1902 976 adhaerent,

158 985 264 1047 fibi
300 986 588 1046 affumant
635 984 967 1045 libertatern
1017 982 1048 1040 a
1097 982 1380 1043 methodo
1427 982 1551 1054 illa,
1596 986 1907 1047 secundum

155 1087 334 1148 quam
380 1066 446 1128 eit
494 1065 623 1126 usus
661 1064 743 1124 est
785 1063 1067 1136 ChristuS,
1132 1063 1258 1123 tarn
1319 1062 1490 1124 facile
1536 1064 1857 1126 discedendi
1882 1093 1904 1135 ς

155 1150 296 1208 cnm
331 1147 499 1218 nulli,
544 1146 705 1228 quod
741 1165 996 1225 unquam
1038 1143 1253 1215 audivi,
1301 1143 1402 1224 qui
1445 1166 1574 1204 earn
1617 1166 1770 1205 nunc
1806 1169 1908 1227 pe-

157 1245 390 1309 ragunt,
433 1228 644 1289 eodem
685 1227 888 1298 mode,
951 1247 1072 1308 quo
1123 1226 1430 1296 Christus,
1471 1226 1569 1286 illa
1609 1244 1851 1287 utuntur
1882 1255 1903 1296 ς

154 1309 295 1370 fecit
339 1310 494 1370 enim
535 1311 649 1370 hoc
687 1308 947 1369 Christus
976 1310 1126 1369 inter
1163 1308 1534 1379 coenandum,
1580 1308 1723 1369 dum
1772 1310 1907 1369 ede·

158 1392 323 1462 bant,
365 1391 461 1450 sed
504 1390 592 1452 illi
641 1392 755 1452 hoc
813 1411 920 1473 per
962 1391 1030 1450 se'
1067 1407 1376 1472 peragunt,
1442 1391 1506 1449 δε
1553 1389 1910 1471 frequentina

154 1489 289 1533 ante
326 1472 634 1554 prandium
669 1497 688 1541 ς
732 1493 932 1553 quam,
978 1472 1193 1552 quaes0,
1233 1472 1498 1552 regulam
1538 1473 1596 1532 in
1627 1472 1731 1532 tali
1780 1495 1911 1532 mu-

157 1553 375 1613 tatione
414 1553 777 1635 sequuntur?
823 1555 883 1613 Si
907 1553 1111 1625 dicant,
1145 1555 1243 1613 has
1263 1553 1636 1614 solummodo
1659 1554 1912 1614 circum-

158 1634 390 1695 stantias
409 1636 541 1707 effe,
585 1656 703 1696 non
735 1652 933 1696 autem
974 1655 1099 1694 rem
1141 1634 1342 1715 ipsam,
1395 1634 1456 1694 &
1488 1634 1529 1694 fi
1560 1635 1678 1716 ipsa
1716 1656 1802 1695 res
1826 1653 1909 1696 te-

156 1732 383 1787 neatur,
431 1733 676 1796 parvam
715 1717 828 1777 esse
864 1715 1429 1778 circumstantiarum
1476 1716 1907 1778 alterationem.

160 1798 484 1878 Responde&
529 1798 693 1883 Qid
736 1797 776 1856 fi
819 1796 1154 1869 dixerimuS,
1222 1814 1417 1859 totum
1467 1798 1580 1859 hoc
1622 1798 1783 1859 fuisse
1822 1799 1911 1859 so·

159 1878 467 1941 lummodo
484 1879 976 1941 circumstantiam
996 1879 1432 1953 accidentalem,
1479 1881 1712 1960 quando
1744 1882 1913 1941 Chri-

162 1960 281 2020 stus
311 1960 520 2041 pascha
560 1960 790 2022 edebat.
873 1959 933 2020 Si
972 1960 1131 2023 enim
1161 1960 1527 2042 respiciamus
1557 1961 1727 2033 illud,
1758 1963 1911 2024 unde

161 2042 354 2103 solnm
389 2042 659 2104 contendi
706 2041 895 2124 potest
948 2041 1059 2102 effe
1106 2042 1545 2116 institutionem,
1605 2046 1721 2105 viz.
1783 2045 1912 2105 haec

159 2124 364 2195 verba,
407 2124 527 2184 Hoc
555 2125 732 2205 facite
770 2127 827 2186 in
867 2126 1173 2186 memoriam
1213 2128 1336 2198 mei,
1397 2126 1510 2186 hoc
1558 2147 1675 2187 non
1719 2126 1914 2187 mimis

162 2203 402 2287 proprie
441 2205 518 2266 ad
576 2204 845 2278 modum,
901 2206 1081 2288 quam
1139 2206 1216 2268 ad
1268 2207 1573 2268 materiam
1618 2207 1862 2269 refertur
1886 2235 1908 2277 3

165 2286 470 2368 quomodo
503 2287 658 2348 enim
695 2288 981 2360 evincent,
1028 2288 1152 2350 haec
1176 2291 1381 2360 verba,
1427 2292 1521 2350 hoc
1546 2292 1740 2370 facite,
1797 2289 1912 2370 fig-

163 2368 402 2429 nificare
432 2368 649 2440 solfim,
693 2370 830 2430 edite
854 2386 1075 2449 panem,
1122 2371 1193 2434 ξεῖ
1214 2371 1375 2432 bibite
1399 2376 1628 2438 vinum;
1673 2371 1767 2431 sed
1795 2392 1912 2431 non

164 2448 441 2521 interesse,
512 2450 756 2531 quomodo
800 2450 990 2522 edatis,
1056 2473 1148 2513 nec
1182 2453 1388 2533 quando
1412 2454 1603 2524 edatis,
1669 2453 1731 2511 &
1768 2474 1907 2525 non,

150 2531 315 2610 ficati
335 2531 553 2608 vidistis
578 2552 678 2612 ma,
722 2536 864 2592 inter
903 2533 1212 2595 caenandum
1249 2535 1532 2613 vobisium,
1564 2536 1776 2613 fhmere
1804 2551 1919 2612 pa·-

165 2633 284 2673 nem
313 2613 381 2676 {9³
407 2615 671 2694 frangere
708 2616 778 2677 Εἴ
823 2613 956 2676 dare
991 2615 1163 2686 vobis,
1207 2618 1274 2679 Εἴ
1311 2619 1543 2694 accipere
1591 2615 1804 2676 calicem
1840 2615 1911 2679 δ’

167 2694 463 2756 benedicere
502 2699 570 2758 δ’
624 2693 936 2772 distribuere
980 2698 1151 2768 vobis,
1199 2700 1278 2757 ita
1326 2700 1486 2758 etiam
1512 2717 1607 2756 vos
1640 2698 1855 2776 facietis
1876 2698 1910 2755 ἕ

173 2772 256 2834 Et
282 2775 421 2835 cnm
443 2775 667 2838 nullam
700 2775 760 2837 in
800 2775 883 2837 his
910 2778 1124 2848 verbiS,
1169 2780 1264 2838 hoc
1302 2780 1494 2858 facite,
1550 2777 1807 2838 Christus
1823 2778 1910 2838 di-

171 2853 529 2917 stinctionem
549 2856 742 2929 faciat,
788 2877 904 2919 non
925 2857 1097 2918 datur
1125 2860 1295 2930 ratio,
1318 2879 1494 2939 quare
1518 2858 1591 2918 ad
1616 2858 1911 2939 integrum

172 2956 293 2997 non
336 2937 631 3016 referatur.
714 2938 899 3024 Qod
935 2937 974 2997 fi
1011 2938 1092 2998 ita
1130 2938 1221 3011 fit,
1267 2960 1465 3000 omnes
1503 2940 1650 3000 inter
1672 2941 1911 3000 Christi-

173 3037 331 3090 anos,
362 3018 463 3100 qui
491 3020 599 3080 hac
619 3018 941 3080 ceremonia
968 3034 1233 3092 utuntur,
1265 3020 1398 3081 huic
1434 3037 1731 3101 praecepto
1765 3043 1910 3081 non-

172 3098 315 3159 dum
352 3100 851 3182 obtemperfirunt,
909 3120 1094 3180 neque
1141 3101 1556 3165 institutionem
1605 3102 1751 3162 hanc
1800 3102 1911 3162 im-

177 3180 428 3261 plevere,
471 3198 760 3263 utcunque
787 3181 860 3241 de
900 3182 965 3241 ea
995 3181 1309 3243 clamitent.
1393 3184 1454 3243 Si
1483 3183 1713 3254 dicatur,
1760 3199 1911 3244 tem-

174 3282 282 3349 pus
309 3262 379 3347 βε
407 3263 658 3328 modum
693 3261 1005 3346 peragendi
1049 3263 1079 3324 ὲ
1127 3264 1358 3326 Christo
1386 3264 1755 3328 accidentalem
1785 3282 1911 3326 tan-

1782 3363 1911 3407 tum
