2086 3640
124 169 127 171 .
195 108 198 111 ’
255 116 349 185 ‚De
367 86 688 175 Salutation.
713 111 784 176 δέ
807 110 1140 175 Recreation.
1171 105 1322 188 idque
1340 124 1503 187 genus
1520 102 1660 165 aliis·
1761 100 1883 197 443

64 283 68 286 ,
153 222 429 282 dicabant
471 240 589 279 non
629 216 808 299 poste,
877 206 981 276 nisi
1024 215 1102 276 ab
1143 211 1227 284 iis,
1289 212 1389 293 qui
1430 214 1736 289 monasterio
1791 219 1885 277 vel

149 302 348 364 celluld
391 299 591 364 inclusi
622 314 808 372 erant,
853 297 1145 359 obtineri:
1194 295 1317 356 haec
1346 290 1403 355 in
1440 295 1696 377 generali
1735 294 1887 369 dieb,

147 386 294 446 sunt.
1206 403 1211 412 ·

233 467 336 527 III.
383 469 606 550 Qov
652 460 743 524 ad
780 459 1036 543 primam
1091 480 1163 521 ex
1202 456 1367 539 supr&
1418 456 1580 518 dietis
1623 460 1892 540 propofi-

151 548 403 610 tionibus
441 547 667 616 attinet,
712 543 969 624 expresse
998 542 1378 610 affirmamuS,
1425 540 1661 601 minime
1718 543 1892 604 licere

155 629 486 691 Christianis
521 628 614 689 vel
651 625 788 686 dare
827 624 922 684 vel
969 621 1625 703 recipereillosffionoris
1665 624 1889 698 tituIOS,

154 712 350 791 quales
400 701 554 782 sunt,
593 710 864 770 Sonuitas
904 707 1107 783 vestra,
1183 704 1461 783 Majqstas
1490 707 1694 782 vestra,
1770 710 1896 768 Ex·-

70 846 73 849 ,
155 793 395 852 cellentia
435 794 635 871 vestra,
683 791 993 851 Eminentia
1032 788 1237 865 vestra,
1282 786 1395 846 &a
1463 786 1690 862 Primo,
1756 791 1894 870 quit?-

156 874 240 933 illi
286 873 432 946 tituli
478 896 594 936 non
630 872 757 932 sunt
804 870 926 932 ulla
956 886 1095 949 pars
1150 868 1303 930 istius
1351 869 1670 948 obedientiae,
1714 893 1894 953 quam

100 966 102 968 ’
154 956 600 1036 Magistratibus
649 954 947 1024 debemm,
993 973 1194 1032 neque,
1240 951 1434 1010 dando
1482 952 1614 1012 illos
1662 953 1744 1024 iis,
1788 954 1895 1015 an-
1951 952 1954 955 ⁴

156 1039 298 1118 quid
359 1037 578 1105 realiter
623 1034 851 1096 additur
893 1034 979 1106 isti
1012 1036 1335 1116 subjetiioni,
1408 1053 1538 1114 quae
1582 1036 1659 1094 eis
1701 1035 1897 1097 debita

155 1120 256 1191 est,
304 1141 446 1201 quoe·
480 1119 591 1183 stat
637 1118 694 1176 in
735 1115 1008 1179 obediendo
1034 1117 1185 1197 juffis
1230 1137 1407 1175 eorum
1456 1116 1515 1174 &
1556 1117 1714 1179 licitis
1742 1142 1896 1180 man-

156 1206 320 1273 datis,
367 1215 485 1274 non
527 1199 584 1259 in
641 1199 811 1260 titulis
860 1203 921 1261 δε
963 1198 1411 1279 defignationibus.
1494 1199 1778 1272 Secundo,
1839 1202 1899 1262 in

157 1285 444 1363 Scriptura
490 1303 606 1342 non
651 1280 969 1342 invenimus
1036 1281 1176 1339 tales
1239 1279 1461 1350 titUIOS,
1547 1305 1731 1365 neque
1791 1284 1899 1346 sub

158 1373 319 1449 Lege,
365 1385 547 1445 neque
594 1363 697 1424 sub
734 1362 1069 1445 Evangelio,
1109 1362 1230 1439 sed,
1278 1361 1435 1443 quod
1466 1366 1757 1448 loquendo
1787 1370 1901 1427 Re-

148 1451 319 1531 gibus,
369 1446 710 1524 Principibus
770 1445 831 1505 &
873 1445 1176 1516 Nobilibus,
1253 1445 1359 1505 hae
1416 1448 1680 1529 simplice
1724 1450 1900 1508 'com-

158 1526 471 1613 pellatione
492 1529 678 1588 solum
707 1542 974 1598 utuntur,
1020 1526 1135 1586 scil.
1183 1529 1235 1585 O
1278 1530 1423 1599 Rex,
1472 1529 1585 1593 fine
1614 1529 1901 1610 ampliore

161 1611 575 1692 defignatione,
620 1609 724 1668 nifi
776 1608 928 1668 forte
978 1607 1212 1670 nomine
1253 1611 1533 1690 peffonae,
1602 1630 1667 1672 ut
1696 1615 1748 1674 O
1778 1616 1902 1674 Rex

161 1695 433 1776 Agrippa,
480 1692 592 1751 &o
678 1690 912 1761 Tertio,
958 1690 1287 1771 frequenter
1330 1692 1583 1773 imponit
1623 1695 1903 1755 Christia-

162 1777 246 1836 nis
289 1775 623 1850 necfftatem
658 1770 934 1844 mendacii,
999 1774 1131 1853 quia
1177 1774 1477 1854 saepisfime
1520 1777 1579 1846 ii,
1626 1780 1726 1858 qui
1768 1778 1904 1838 istos

163 1858 366 1920 titulos
403 1856 688 1925 obtinent,
756 1854 870 1913 five
909 1855 1181 1915 elestorie
1232 1857 1347 1915 five
1387 1856 1767 1931 haereditarie,
1816 1881 1904 1920 re-

157 1941 461 2024 periuntur
509 1936 650 1996 nihil
691 1935 748 1996 in
810 1936 864 1994 se
909 1937 1121 1998 habere
1178 1941 1294 2015 istos
1334 1940 1515 2001 titulos
1553 1964 1751 2003 merens
1807 1943 1902 2003 vel

163 2028 229 2085 iis
269 2020 590 2101 respondens,
637 2035 704 2078 ut
750 2017 843 2078 cui
883 2019 1093 2079 dicitur
1131 2018 1471 2083 Excellentia
1516 2027 1716 2101 vestra,
1782 2023 1903 2084 for-
1990 2080 1992 2083 ,

124 2093 303 2166 Ἰἤειίῖἱτ
360 2103 498 2165 nihil
549 2101 868 2162 excellentia
911 2102 1108 2174 habet,
1170 2103 1232 2162 ὅτ
1291 2105 1384 2165 cui
1445 2105 1656 2167 dicitur
1701 2110 1905 2168 Gratia

114 2180 116 2185 '
161 2188 364 2257 vestra,
412 2185 643 2244 fortaffe
676 2188 875 2265 gratioe
922 2188 1159 2247 inimicus
1218 2181 1321 2259 est,
1404 2186 1569 2249 malis
1606 2189 1900 2268 operibus.

164 2270 247 2409 {t
286 2267 386 2327 *cui
425 2266 637 2326 dicitur
678 2265 865 2326 Honor
898 2269 1091 2343 vester,
1159 2267 1397 2328 fortaffe
1451 2272 1708 2351 ignobilis,
1772 2271 1905 2331 vilis

254 2349 502 2427 fhrdidus
542 2347 640 2406 est.
715 2368 719 2374 ·
799 2369 888 2407 uae
939 2349 1117 2428 igitur
1156 2349 1403 2409 hominis
1453 2352 1566 2423 lex,
1627 2352 1721 2413 vel
1769 2374 1903 2433 quae

169 2430 454 2510 Principis
491 2425 728 2505 alicujus
818 2428 1103 2507 iplomata
1149 2452 1242 2492 me
1272 2433 1502 2494 mentiri
1531 2432 1741 2515 cogere
1766 2435 1898 2513 pos-

167 2514 314 2583 sunt,
381 2514 437 2572 in
476 2509 711 2569 vocando
750 2509 948 2569 malum
996 2512 1202 2583 bonum,
1269 2526 1365 2574 aut
1417 2517 1605 2577 bonum
1653 2515 1900 2576 malum?

171 2598 273 2655 An
322 2594 461 2653 tales
511 2592 812 2651 hominum
861 2591 1015 2672 leges
1077 2597 1378 2677 justificare
1427 2618 1520 2657 me
1580 2600 1812 2678 poffunt
1866 2596 1904 2655 Ξ,

154 2679 296 2760 justo
331 2676 442 2735 Dei
466 2673 689 2755 judicia,
735 2672 837 2734 ubi
881 2694 992 2753 pro
1032 2696 1173 2736 vano
1207 2679 1468 2740 &inutili
1493 2680 1716 2760 quolibet
1742 2681 1907 2740 verbo

174 2756 455 2819 rationem
491 2754 727 2815 reddere
771 2771 1085 2836 oporteat3
1132 2761 1359 2836 mentiri
1397 2776 1593 2820 autem
1637 2761 1777 2842 quid
1805 2781 1910 2841 ped

163 2839 256 2918 jus
307 2838 430 2898 est?
480 2834 651 2896 Certe
690 2836 903 2916 pudere
944 2837 1183 2899 deberet
1222 2841 1592 2913 Christianos»,
1641 2844 1780 2904 tales
1824 2845 1906 2903 le-

173 2942 293 3001 geS,
340 2935 469 2998 tam„
505 2915 795 2976 manifeste
853 2918 1008 3001 Legi
1065 2920 1172 2980 Dei
1223 2924 1693 2997 contradicenteS,
1758 2924 1907 2984 inter

174 3024 270 3062 eos
312 3000 436 3061 effe.
523 2999 579 3059 Si
628 2998 848 3070 dicetur,
914 3001 1122 3062 debere
1170 3021 1273 3063 nos
1311 3005 1368 3065 in
1423 3007 1688 3067 charitate
1719 3007 1907 3065 existi-

177 3105 362 3154 mare,
408 3103 503 3142 eos
536 3081 747 3141 habere
788 3083 1199 3159 istasvirtutes,
1247 3084 1303 3145 in
1345 3108 1488 3169 quos
1538 3089 1678 3148 tales
1722 3088 1905 3148 hono·-

182 3187 269 3224 res
316 3167 448 3226 Rex
498 3163 827 3234 contulerit,
872 3164 965 3223 vel
1001 3166 1134 3245 quia
1188 3186 1259 3227 ex
1305 3169 1388 3247 ἧς,
1436 3168 1534 3248 qui
1574 3168 1672 3232 ista
1716 3170 1906 3232 meriti

178 3249 326 3319 sunt,
398 3243 837 3306 descenderunt:
910 3248 1067 3325 Resp.
1114 3248 1370 3310 Charitas
1415 3253 1744 3331 cognitionem
1783 3273 1911 3311 non

181 3328 386 3398 tollit3
431 3348 546 3390 non
596 3347 689 3388 me
738 3326 969 3408 obligat
1010 3330 1246 3391 charitas
1285 3333 1377 3394 vel
1423 3331 1653 3395 credere
1699 3334 1793 3394 vel
1822 3332 1908 3392 fa-

1762 3427 1912 3476 'cere
