2086 3640
359 82 450 143 De
489 78 773 159 M'im’stris
807 76 877 140 &J
920 73 1231 153 Pastoribus
1272 74 1539 154 Ecclefiae.
1571 88 1574 91 “
1705 97 1738 138 2
1748 102 1777 159 3
1786 101 1823 160 5
1913 77 1917 79 ’

85 187 296 271 jaceat,
362 201 500 246 tunc
547 183 587 244 ii
625 179 939 243 sacerdotes
979 181 1268 242 Romanae
1305 180 1578 242 Ecclesiae
1628 182 1822 258 hodie,

47 285 49 287 ·
93 268 213 347 qui·
239 266 505 331 derivant
529 261 950 328 ordinationem
986 263 1144 322 suam
1180 265 1257 324 ab
1298 260 1361 322 iis
1383 262 1680 344 episcopia,
1727 260 1830 348 qui

24 371 28 374 ·
94 348 422 428 primitivos
463 346 865 408 reformatores
893 343 1253 417 ordinarunt,
1298 345 1541 405 eandem
1569 345 1831 407 authori·>

86 445 268 490 tatem
298 431 514 494 habent
531 425 1182 512 quam-reformatorum
1202 426 1560 503 succefforeS,
1600 428 1664 486 &
1685 449 1827 488 con·-

92 512 389 591 sequenter
426 527 543 570 non
575 510 759 572 minus
781 506 1023 571 ministri
1053 506 1331 567 Ecclefiae
1352 528 1530 588 quam
1557 509 1663 590 ipfi
1684 509 1832 572 sunt.

92 593 205 652 Sed
255 593 558 673 quomodo
613 592 726 656 hoc
778 587 1159 650 concordabit
1212 610 1347 649 cum
1388 589 1486 649 illa
1535 589 1830 671 opinione,

91 694 269 751 quam
289 674 573 754 primitivi
601 670 986 735 Protestantes
1026 669 1319 731 habebant
1339 671 1397 730 in
1418 671 1842 749 Romanorum⁴

90 754 469 816 Sacerdotum
518 757 582 815 &
631 753 990 819 clericorum
1031 751 1216 823 causa,
1262 751 1334 812 de
1361 751 1566 833 quibus
1593 774 1713 814 non
1739 754 1833 813 so·

90 835 218 895 lum
262 836 500 917 negavit
536 837 848 907 Lutheru8‚
914 833 1073 915 quod
1113 832 1426 914 quicquam
1466 835 1834 896 authoritatis

90 917 391 988 haberent,
435 918 531 978 sed
579 919 611 978 ἐ
646 917 851 978 contra
902 915 1238 988 affirma-vit,
1302 936 1401 975 eos
1429 915 1605 996 impie
1634 937 1829 996 agere,

89 998 252 1077 quod
292 999 395 1060 fibi
432 1000 560 1060 solis
609 998 756 1063 hanc
813 998 1227 1059 authoritatem
1275 997 1540 1068 docendi,
1585 998 1698 1058 ὅτε.
1743 997 1830 1057 as-

87 1081 462 1161 fiimpserant.
546 1082 671 1161 Ipse
730 1082 883 1142 enim
941 1079 1108 1151 dixit,
1173 1099 1587 1158 unumquemque
1639 1078 1866 1140 bonun't-

89 1163 452 1239 Christianum
493 1168 626 1243 (non
647 1162 826 1241 solam
861 1166 1045 1224 virum
1065 1160 1167 1242 sed
1193 1162 1262 1223 ἐξ
1285 1159 1588 1237 mulierem)
1616 1160 1832 1238 praedi-

85 1258 315 1305 catorem
351 1245 460 1331 ff.

166 1328 246 1387 X.
291 1327 433 1387 SED
480 1336 680 1386 c'ontra
729 1324 957 1388 inanem
998 1326 1145 1387 hanc
1192 1324 1619 1394 successionem,
1667 1319 1837 1387 ficuti

84 1409 180 1469 vel
213 1409 602 1470 Protestantes
635 1407 730 1468 vel
782 1407 1078 1470 Pontificii
1112 1428 1242 1468 eam
1289 1405 1620 1476 vendicant,
1668 1404 1831 1486 quasi

85 1491 161 1548 ad
198 1491 566 1553 vocationem
603 1490 847 1550 ministri
886 1491 1024 1572 quid
1071 1488 1464 1558 necessarium,
1510 1488 1830 1567 Responde-0,

86 1571 445 1650 quod'illinc
488 1571 617 1632 satis
652 1571 950 1633 declarant
993 1571 1385 1651 ignorantiam
1427 1569 1586 1629 suam
1627 1569 1699 1627 de
1728 1589 1832 1629 na·-

88 1651 217 1711 turfi
258 1653 719 1723 ChristianitatiS‚
778 1653 844 1711 δε
883 1652 1062 1734 quam
1111 1650 1402 1732 peregrini
1450 1649 1561 1710 fint
1600 1650 1737 1710 vitae
1764 1649 1830 1708 &

84 1733 362 1793 efficaciae
405 1734 713 1794 Christiani
740 1734 1072 1804 Ministerii,
1119 1734 1279 1813 quod
1328 1733 1666 1792 succeflione
1707 1751 1828 1790 non

82 1815 422 1896 acquiritur,
469 1813 614 1876 sicut
647 1825 884 1876 externa
912 1815 1251 1876 haereditas:
1295 1813 1397 1874 hic
1425 1813 1601 1885 enim,
1647 1827 1715 1872 ut
1731 1812 1830 1872 sae-

85 1897 212 1977 pius
254 1897 387 1958 ante
414 1897 784 1958 observatum
805 1898 909 1970 est,
955 1918 1072 1958 non
1102 1898 1288 1958 solum
1319 1894 1714 1974 Evangelium
1743 1892 1832 1952 ni-

87 1979 209 2038 hilo
251 1980 381 2060 lege
402 1979 763 2061 praestantius
790 1977 1025 2058 faciunt,
1069 1978 1364 2039 sedetiam
1404 1975 1593 2037 multo
1614 1974 1781 2033 vilius
1807 1999 1829 2043 ς

86 2061 245 2141 Jesus
279 2061 435 2120 enim
478 2062 735 2120 Christus
778 2060 922 2120 sicut
971 2060 1319 2141 singularem
1365 2059 1622 2138 aliquam
1659 2055 1830 2115 fami-

88 2141 228 2204 liam
256 2159 356 2201 aut
375 2141 670 2203 nationem
713 2142 951 2202 minime
981 2142 1208 2223 respicit
1249 2139 1308 2200 in
1335 2138 1641 2199 vocatione
1671 2137 1830 2196 filio-

90 2231 222 2282 rum
258 2223 514 2294 suorum,
559 2224 654 2283 sed
701 2227 931 2284 tantum
973 2245 1091 2296 eOS,
1138 2222 1239 2304 qui
1268 2221 1635 2282 inveniuntur
1662 2219 1829 2279 semi-

0 2378 1 2381 *
89 2304 149 2364 ni
188 2305 289 2363 suo
317 2324 469 2385 puro
513 2302 704 2382 juncti
742 2321 914 2386 atque
941 2303 1292 2375 fermentati,
1354 2304 1433 2363 ita
1461 2322 1567 2363 nec
1603 2321 1828 2361 meram

0 2458 1 2465 ἵ
87 2401 385 2447 externam
424 2386 847 2459 successionem,
894 2387 995 2448 ubi
1021 2408 1167 2468 pura
1207 2384 1324 2466 ejus
1364 2382 1830 2443 &immaculata

0 2482 1 2505 ³
89 2466 211 2527 vita
253 2467 449 2534 deest;
515 2468 642 2527 hoc*
666 2467 822 2528 enim
851 2468 1004 2528 idem
1032 2470 1183 2529 effet.
1271 2468 1412 2526 Non
1461 2465 1593 2525 ideo
1630 2479 1832 2544 gentes

90 2549 230 2608 novi
276 2549 498 2609 faederis
544 2548 852 2630 participes
911 2549 1067 2622 fecit,
1126 2566 1195 2610 ut
1240 2547 1527 2628 prioribus
1576 2545 1830 2624 Judaicis

91 2629 381 2690 erroribus
434 2630 617 2691 imbui
661 2647 976 2711 pateretur,
1038 2630 1132 2690 vel
1169 2646 1236 2690 ut
1269 2649 1366 2690 eos
1408 2628 1465 2686 in
1515 2628 1628 2687 istis
1664 2646 1829 2686 erro·

96 2709 252 2771 ribus
290 2713 670 2791 approbaret,
733 2713 827 2772 sed
873 2729 939 2771 ut
979 2711 1082 2772 sibi
1126 2724 1511 2790 congregaret
1537 2707 1828 2789 populum

95 2811 309 2871 purum
343 2817 361 2856 3
427 2792 518 2851 hic
559 2809 753 2853 autem
797 2813 1041 2872 magnus
1082 2808 1206 2853 erat
1254 2792 1600 2870 Judaeorum
1638 2809 1825 2862 error,
1859 2863 1861 2866 Α

16 2882 19 2884 ’
95 2873 254 2951 quod
280 2873 332 2931 se
365 2872 476 2933 Dei
502 2875 787 2953 populum
817 2874 877 2932 δε
904 2873 1198 2933 ecclesiam
1227 2872 1647 2942 existimabant,
1682 2891 1827 2949 quo-

95 2953 252 3016 niam
289 2971 587 3014 externam
630 2956 1030 3015 successionem
1069 2956 1145 3014 ab
1177 2954 1525 3014 Abrahamo
1552 2953 1830 3013 deducere

141 3052 389 3105 oterant,
436 3036 586 3095 unde
634 3038 687 3095 se
725 3036 875 3095 filios
905 3036 1014 3094 Dei
1056 3038 1360 3116 putabant,
1403 3035 1535 3116 quia
1566 3033 1828 3094 Abrahae

118 3135 282 3184 emen
311 3133 494 3188 erant,
540 3117 640 3197 qui
669 3134 832 3199 pater
853 3116 961 3175 fuit
991 3117 1282 3177 fidelium:
1326 3116 1422 3176 sed
1441 3114 1826 3197 quamsevere

97 3198 290 3276 arguit
309 3197 606 3277 Scriptura
634 3202 1010 3283 nugatorium
1050 3199 1201 3259 hunc
1232 3199 1294 3258 δε
1319 3219 1534 3258 vanum
1572 3211 1822 3278 praetex÷

100 3290 229 3340 tum
244 3278 452 3349 dicem,
466 3280 605 3361 poffe
618 3282 794 3345 Deum
817 3302 880 3343 ex
902 3280 1167 3359 lapidibus
1173 3280 1324 3359 filios
1339 3276 1822 3359 Abrahamosusci-

134 3426 145 3434 ,
1678 3370 1818 3430 tare,
