<?xml version="1.0" encoding="UTF-8"?>
<!DOCTYPE html PUBLIC "-//W3C//DTD XHTML 1.0 Transitional//EN"
    "http://www.w3.org/TR/xhtml1/DTD/xhtml1-transitional.dtd">
<html xmlns="http://www.w3.org/1999/xhtml" xml:lang="en" lang="en">
 <head>
  <title>
</title>
<meta http-equiv="Content-Type" content="text/html;charset=utf-8" />
  <meta name='ocr-system' content='tesseract 3.04.00' />
  <meta name='ocr-capabilities' content='ocr_page ocr_carea ocr_par ocr_line ocrx_word'/>
</head>
<body>
  <div class='ocr_page' id='page_1' title='image "./theologiaeverech00barcuoft_0049.png"; bbox 0 0 2086 3640; ppageno 0'>
   <div class='ocr_carea' id='block_1_1' title="bbox 358 88 1797 162">
    <p class='ocr_par' dir='ltr' id='par_1_1' title="bbox 358 88 1797 162">
     <span class='ocr_line' id='line_1_1' title="bbox 358 88 1797 162; baseline -0.001 0"><span class='ocrx_word' id='word_1_1' title='bbox 358 88 447 162; x_wconf 81' lang='lat' dir='ltr'>De</span> <span class='ocrx_word' id='word_1_2' title='bbox 485 101 701 162; x_wconf 75' lang='lat' dir='ltr'>internd</span> <span class='ocrx_word' id='word_1_3' title='bbox 741 99 814 161; x_wconf 66' lang='lat' dir='ltr'>&amp;J</span> <span class='ocrx_word' id='word_1_4' title='bbox 853 99 1156 160; x_wconf 58' lang='lat' dir='ltr'>immediata?</span> <span class='ocrx_word' id='word_1_5' title='bbox 1197 97 1529 159; x_wconf 78' lang='lat' dir='ltr'><em>revelatione.</em></span> <span class='ocrx_word' id='word_1_6' title='bbox 1726 115 1797 161; x_wconf 87' lang='lat'>21</span> 
     </span>
    </p>
   </div>
   <div class='ocr_carea' id='block_1_2' title="bbox 0 202 1818 3452">
    <p class='ocr_par' dir='ltr' id='par_1_2' title="bbox 0 202 1818 3452">
     <span class='ocr_line' id='line_1_2' title="bbox 80 202 1803 282; baseline -0.001 -20"><span class='ocrx_word' id='word_1_7' title='bbox 80 222 184 262; x_wconf 89' lang='lat' dir='ltr'>nos</span> <span class='ocrx_word' id='word_1_8' title='bbox 213 202 269 261; x_wconf 92' lang='lat' dir='ltr'>in</span> <span class='ocrx_word' id='word_1_9' title='bbox 299 206 659 282; x_wconf 85' lang='lat' dir='ltr'>praeteritum</span> <span class='ocrx_word' id='word_1_10' title='bbox 688 204 767 263; x_wconf 83' lang='lat' dir='ltr'>ita</span> <span class='ocrx_word' id='word_1_11' title='bbox 809 203 1109 275; x_wconf 79' lang='lat' dir='ltr'>credimus,</span> <span class='ocrx_word' id='word_1_12' title='bbox 1157 219 1223 263; x_wconf 88' lang='lat' dir='ltr'>ut</span> <span class='ocrx_word' id='word_1_13' title='bbox 1264 225 1378 263; x_wconf 92' lang='lat' dir='ltr'>non</span> <span class='ocrx_word' id='word_1_14' title='bbox 1406 202 1707 263; x_wconf 87' lang='lat' dir='ltr'>sentiamus</span> <span class='ocrx_word' id='word_1_15' title='bbox 1734 202 1803 262; x_wconf 55' lang='lat' dir='ltr'>il*</span> 
     </span>
     <span class='ocr_line' id='line_1_3' title="bbox 52 283 1804 363; baseline 0 -21"><span class='ocrx_word' id='word_1_16' title='bbox 52 284 203 360; x_wconf 81' lang='lat' dir='ltr'>¹lum</span> <span class='ocrx_word' id='word_1_17' title='bbox 238 283 536 344; x_wconf 90' lang='lat' dir='ltr'>nobiscum</span> <span class='ocrx_word' id='word_1_18' title='bbox 564 284 920 363; x_wconf 85' lang='lat' dir='ltr'>praesentem,</span> <span class='ocrx_word' id='word_1_19' title='bbox 981 285 1042 342; x_wconf 70' lang='grc' dir='ltr'>δε</span> <span class='ocrx_word' id='word_1_20' title='bbox 1071 305 1173 344; x_wconf 88' lang='lat' dir='ltr'>nos</span> <span class='ocrx_word' id='word_1_21' title='bbox 1210 285 1571 344; x_wconf 86' lang='lat' dir='ltr'>nutrientem.</span> <span class='ocrx_word' id='word_1_22' title='bbox 1639 284 1804 344; x_wconf 84' lang='lat' dir='ltr'>Nam</span> 
     </span>
     <span class='ocr_line' id='line_1_4' title="bbox 82 364 1804 445; baseline 0 -23"><span class='ocrx_word' id='word_1_23' title='bbox 82 364 321 441; x_wconf 86' lang='lat' dir='ltr'><em>Christus</em></span> <span class='ocrx_word' id='word_1_24' title='bbox 356 366 513 442; x_wconf 74' lang='lat' dir='ltr'><em>Jefics</em></span> <span class='ocrx_word' id='word_1_25' title='bbox 564 368 620 423; x_wconf 87' lang='lat' dir='ltr'><em>in</em></span> <span class='ocrx_word' id='word_1_26' title='bbox 666 365 811 424; x_wconf 84' lang='lat' dir='ltr'><em>nobis</em></span> <span class='ocrx_word' id='word_1_27' title='bbox 857 368 951 433; x_wconf 70' lang='lat' dir='ltr'>efz‘,</span> <span class='ocrx_word' id='word_1_28' title='bbox 1017 368 1115 441; x_wconf 83' lang='lat' dir='ltr'><em>nist</em></span> <span class='ocrx_word' id='word_1_29' title='bbox 1139 367 1291 445; x_wconf 69' lang='lat' dir='ltr'>forte?</span> <span class='ocrx_word' id='word_1_30' title='bbox 1337 366 1544 442; x_wconf 83' lang='lat' dir='ltr'><em>reprobi</em></span> <span class='ocrx_word' id='word_1_31' title='bbox 1574 366 1757 443; x_wconf 67' lang='lat' dir='ltr'>fitmus</span> <span class='ocrx_word' id='word_1_32' title='bbox 1784 386 1804 422; x_wconf 95' lang='grc'>.·</span> 
     </span>
     <span class='ocr_line' id='line_1_5' title="bbox 30 443 1803 526; baseline 0.001 -23"><span class='ocrx_word' id='word_1_33' title='bbox 30 443 35 446; x_wconf 70' lang='grc'><strong>’</strong></span> <span class='ocrx_word' id='word_1_34' title='bbox 79 444 170 504; x_wconf 80' lang='lat' dir='ltr'>Ita</span> <span class='ocrx_word' id='word_1_35' title='bbox 212 446 520 504; x_wconf 85' lang='lat' dir='ltr'>amborum</span> <span class='ocrx_word' id='word_1_36' title='bbox 563 443 702 504; x_wconf 85' lang='lat' dir='ltr'>fides</span> <span class='ocrx_word' id='word_1_37' title='bbox 743 465 854 504; x_wconf 86' lang='lat' dir='ltr'>una</span> <span class='ocrx_word' id='word_1_38' title='bbox 895 445 996 514; x_wconf 90' lang='lat' dir='ltr'>est,</span> <span class='ocrx_word' id='word_1_39' title='bbox 1028 494 1031 496; x_wconf 90' lang='lat'>.</span> <span class='ocrx_word' id='word_1_40' title='bbox 1063 446 1120 504; x_wconf 92' lang='lat' dir='ltr'>in</span> <span class='ocrx_word' id='word_1_41' title='bbox 1159 467 1342 505; x_wconf 92' lang='lat' dir='ltr'>unum</span> <span class='ocrx_word' id='word_1_42' title='bbox 1382 446 1648 526; x_wconf 83' lang='lat' dir='ltr'>idemque</span> <span class='ocrx_word' id='word_1_43' title='bbox 1691 462 1803 505; x_wconf 88' lang='lat' dir='ltr'>ter-</span> 
     </span>
     <span class='ocr_line' id='line_1_6' title="bbox 82 525 1804 608; baseline 0.002 -26"><span class='ocrx_word' id='word_1_44' title='bbox 82 526 336 584; x_wconf 45' lang='lat' dir='ltr'>minans,</span> <span class='ocrx_word' id='word_1_45' title='bbox 403 525 586 608; x_wconf 82' lang='lat' dir='ltr'>Qod</span> <span class='ocrx_word' id='word_1_46' title='bbox 645 525 849 586; x_wconf 85' lang='lat' dir='ltr'>attinet</span> <span class='ocrx_word' id='word_1_47' title='bbox 917 525 997 585; x_wconf 89' lang='lat' dir='ltr'>ad-</span> <span class='ocrx_word' id='word_1_48' title='bbox 1036 527 1412 586; x_wconf 85' lang='lat' dir='ltr'>antecedentis</span> <span class='ocrx_word' id='word_1_49' title='bbox 1463 527 1804 607; x_wconf 90' lang='lat' dir='ltr'>consequen-</span> 
     </span>
     <span class='ocr_line' id='line_1_7' title="bbox 80 605 1808 685; baseline 0.002 -22"><span class='ocrx_word' id='word_1_50' title='bbox 80 605 240 674; x_wconf 85' lang='lat' dir='ltr'>tiam,</span> <span class='ocrx_word' id='word_1_51' title='bbox 284 605 595 685; x_wconf 84' lang='lat' dir='ltr'>videlicet3</span> <span class='ocrx_word' id='word_1_52' title='bbox 641 608 702 666; x_wconf 89' lang='lat' dir='ltr'><em>Si</em></span> <span class='ocrx_word' id='word_1_53' title='bbox 724 606 865 682; x_wconf 85' lang='lat' dir='ltr'>fides</span> <span class='ocrx_word' id='word_1_54' title='bbox 901 627 1012 666; x_wconf 82' lang='lat' dir='ltr'>una</span> <span class='ocrx_word' id='word_1_55' title='bbox 1039 611 1133 675; x_wconf 57' lang='lat' dir='ltr'>eit,</span> <span class='ocrx_word' id='word_1_56' title='bbox 1178 628 1338 666; x_wconf 90' lang='lat' dir='ltr'>unum</span> <span class='ocrx_word' id='word_1_57' title='bbox 1377 612 1455 666; x_wconf 63' lang='lat' dir='ltr'>eft</span> <span class='ocrx_word' id='word_1_58' title='bbox 1501 611 1658 668; x_wconf 80' lang='lat' dir='ltr'>etiam</span> <span class='ocrx_word' id='word_1_59' title='bbox 1672 609 1808 683; x_wconf 89' lang='lat' dir='ltr'>fidei</span> 
     </span>
     <span class='ocr_line' id='line_1_8' title="bbox 76 687 1808 768; baseline 0.003 -25"><span class='ocrx_word' id='word_1_60' title='bbox 76 687 323 765; x_wconf 72' lang='lat' dir='ltr'>objebtum</span> <span class='ocrx_word' id='word_1_61' title='bbox 351 710 372 744; x_wconf 91' lang='lat'>.·</span> <span class='ocrx_word' id='word_1_62' title='bbox 414 687 561 746; x_wconf 85' lang='lat' dir='ltr'>hanc</span> <span class='ocrx_word' id='word_1_63' title='bbox 587 687 763 746; x_wconf 87' lang='lat' dir='ltr'>etiam</span> <span class='ocrx_word' id='word_1_64' title='bbox 806 689 1021 768; x_wconf 82' lang='lat' dir='ltr'>probat</span> <span class='ocrx_word' id='word_1_65' title='bbox 1063 687 1399 766; x_wconf 82' lang='lat' dir='ltr'>ApostoluS,</span> <span class='ocrx_word' id='word_1_66' title='bbox 1448 689 1635 767; x_wconf 82' lang='lat' dir='ltr'>capite</span> <span class='ocrx_word' id='word_1_67' title='bbox 1675 705 1808 748; x_wconf 88' lang='lat' dir='ltr'>ante</span> 
     </span>
     <span class='ocr_line' id='line_1_9' title="bbox 78 765 1806 847; baseline 0.002 -23"><span class='ocrx_word' id='word_1_68' title='bbox 78 765 276 838; x_wconf 86' lang='lat' dir='ltr'>citat0,</span> <span class='ocrx_word' id='word_1_69' title='bbox 322 766 395 827; x_wconf 85' lang='lat' dir='ltr'>ad</span> <span class='ocrx_word' id='word_1_70' title='bbox 428 769 591 847; x_wconf 88' lang='lat' dir='ltr'>Heb.</span> <span class='ocrx_word' id='word_1_71' title='bbox 621 768 698 828; x_wconf 87' lang='lat' dir='ltr'>xi.</span> <span class='ocrx_word' id='word_1_72' title='bbox 764 768 837 840; x_wconf 22' lang='lat' dir='ltr'>*In</span> <span class='ocrx_word' id='word_1_73' title='bbox 866 788 982 847; x_wconf 92' lang='lat' dir='ltr'>quo</span> <span class='ocrx_word' id='word_1_74' title='bbox 1025 768 1220 828; x_wconf 90' lang='lat' dir='ltr'>fideles</span> <span class='ocrx_word' id='word_1_75' title='bbox 1249 768 1376 826; x_wconf 90' lang='lat' dir='ltr'>illos</span> <span class='ocrx_word' id='word_1_76' title='bbox 1423 786 1612 847; x_wconf 78' lang='lat' dir='ltr'>patres</span> <span class='ocrx_word' id='word_1_77' title='bbox 1640 769 1806 830; x_wconf 90' lang='lat' dir='ltr'>nobis</span> 
     </span>
     <span class='ocr_line' id='line_1_10' title="bbox 77 846 1802 932; baseline 0.002 -27"><span class='ocrx_word' id='word_1_78' title='bbox 77 846 151 905; x_wconf 82' lang='lat' dir='ltr'>ad</span> <span class='ocrx_word' id='word_1_79' title='bbox 191 847 456 927; x_wconf 86' lang='lat' dir='ltr'>exempla</span> <span class='ocrx_word' id='word_1_80' title='bbox 484 849 779 928; x_wconf 89' lang='lat' dir='ltr'>proponit.</span> <span class='ocrx_word' id='word_1_81' title='bbox 864 851 1158 932; x_wconf 75' lang='lat' dir='ltr'>Qiorsum</span> <span class='ocrx_word' id='word_1_82' title='bbox 1190 849 1342 908; x_wconf 89' lang='lat' dir='ltr'>enim</span> <span class='ocrx_word' id='word_1_83' title='bbox 1371 850 1635 929; x_wconf 84' lang='lat' dir='ltr'>exempla</span> <span class='ocrx_word' id='word_1_84' title='bbox 1656 851 1802 919; x_wconf 89' lang='lat' dir='ltr'>sunt,</span> 
     </span>
     <span class='ocr_line' id='line_1_11' title="bbox 77 926 1808 1013; baseline 0.003 -29"><span class='ocrx_word' id='word_1_85' title='bbox 77 926 180 984; x_wconf 89' lang='lat' dir='ltr'>nifi</span> <span class='ocrx_word' id='word_1_86' title='bbox 210 928 368 1007; x_wconf 78' lang='lat' dir='ltr'>quod</span> <span class='ocrx_word' id='word_1_87' title='bbox 394 928 451 986; x_wconf 92' lang='lat' dir='ltr'>in</span> <span class='ocrx_word' id='word_1_88' title='bbox 495 929 687 988; x_wconf 92' lang='lat' dir='ltr'>Deum</span> <span class='ocrx_word' id='word_1_89' title='bbox 717 930 1076 990; x_wconf 87' lang='lat' dir='ltr'>crediderunt</span> <span class='ocrx_word' id='word_1_90' title='bbox 1105 932 1126 989; x_wconf 92' lang='lat'>?</span> <span class='ocrx_word' id='word_1_91' title='bbox 1175 932 1492 1013; x_wconf 81' lang='lat' dir='ltr'>Qodnam</span> <span class='ocrx_word' id='word_1_92' title='bbox 1521 947 1644 989; x_wconf 83' lang='lat' dir='ltr'>erat</span> <span class='ocrx_word' id='word_1_93' title='bbox 1672 930 1808 990; x_wconf 89' lang='lat' dir='ltr'>fidei</span> 
     </span>
     <span class='ocr_line' id='line_1_12' title="bbox 74 1007 1805 1090; baseline 0.003 -25"><span class='ocrx_word' id='word_1_94' title='bbox 74 1007 313 1070; x_wconf 85' lang='lat' dir='ltr'>illorum</span> <span class='ocrx_word' id='word_1_95' title='bbox 334 1007 650 1090; x_wconf 66' lang='lat' dir='ltr'>objectum,</span> <span class='ocrx_word' id='word_1_96' title='bbox 695 1013 794 1088; x_wconf 79' lang='lat' dir='ltr'><em>nisi</em></span> <span class='ocrx_word' id='word_1_97' title='bbox 839 1015 1050 1072; x_wconf 82' lang='lat' dir='ltr'>interna</span> <span class='ocrx_word' id='word_1_98' title='bbox 1098 1012 1166 1074; x_wconf 52' lang='grc' dir='ltr'>ἐξ</span> <span class='ocrx_word' id='word_1_99' title='bbox 1197 1013 1499 1072; x_wconf 78' lang='lat' dir='ltr'>immediata</span> <span class='ocrx_word' id='word_1_100' title='bbox 1527 1012 1805 1082; x_wconf 81' lang='lat' dir='ltr'>revelatio,</span> 
     </span>
     <span class='ocr_line' id='line_1_13' title="bbox 77 1090 1809 1173; baseline 0.002 -25"><span class='ocrx_word' id='word_1_101' title='bbox 77 1104 144 1170; x_wconf 88' lang='lat' dir='ltr'>ut</span> <span class='ocrx_word' id='word_1_102' title='bbox 191 1090 738 1170; x_wconf 66' lang='lat' dir='ltr'>anteprobavimus</span> <span class='ocrx_word' id='word_1_103' title='bbox 768 1093 789 1152; x_wconf 87' lang='lat'>?</span> <span class='ocrx_word' id='word_1_104' title='bbox 819 1136 821 1139; x_wconf 25' lang='grc' dir='ltr'><strong><em>ι</em></strong></span> <span class='ocrx_word' id='word_1_105' title='bbox 856 1093 1083 1153; x_wconf 91' lang='lat' dir='ltr'>Eorum</span> <span class='ocrx_word' id='word_1_106' title='bbox 1130 1094 1395 1173; x_wconf 78' lang='lat' dir='ltr'>exempla</span> <span class='ocrx_word' id='word_1_107' title='bbox 1435 1092 1599 1152; x_wconf 89' lang='lat' dir='ltr'>nobis</span> <span class='ocrx_word' id='word_1_108' title='bbox 1644 1092 1809 1151; x_wconf 88' lang='lat' dir='ltr'>nullo</span> 
     </span>
     <span class='ocr_line' id='line_1_14' title="bbox 0 1169 1809 1246; baseline 0.004 -19"><span class='ocrx_word' id='word_1_109' title='bbox 0 1244 2 1246; x_wconf 12' lang='lat' dir='ltr'>v</span> <span class='ocrx_word' id='word_1_110' title='bbox 76 1169 256 1229; x_wconf 88' lang='lat' dir='ltr'>modo</span> <span class='ocrx_word' id='word_1_111' title='bbox 295 1171 602 1232; x_wconf 68' lang='lat' dir='ltr'>&#39;imitabilia</span> <span class='ocrx_word' id='word_1_112' title='bbox 642 1191 828 1245; x_wconf 87' lang='lat' dir='ltr'>erunt,</span> <span class='ocrx_word' id='word_1_113' title='bbox 892 1174 995 1234; x_wconf 88' lang='lat' dir='ltr'>nifi</span> <span class='ocrx_word' id='word_1_114' title='bbox 1038 1175 1439 1235; x_wconf 81' lang='lat' dir='ltr'>crediderimus</span> <span class='ocrx_word' id='word_1_115' title='bbox 1469 1174 1618 1243; x_wconf 92' lang='lat' dir='ltr'>De0,</span> <span class='ocrx_word' id='word_1_116' title='bbox 1666 1172 1809 1234; x_wconf 88' lang='lat' dir='ltr'>ficut</span> 
     </span>
     <span class='ocr_line' id='line_1_15' title="bbox 75 1250 1808 1337; baseline 0.003 -28.751"><span class='ocrx_word' id='word_1_117' title='bbox 75 1250 138 1308; x_wconf 86' lang='lat'>&amp;</span> <span class='ocrx_word' id='word_1_118' title='bbox 184 1251 293 1322; x_wconf 82' lang='lat' dir='ltr'>illi,</span> <span class='ocrx_word' id='word_1_119' title='bbox 336 1253 371 1310; x_wconf 91' lang='lat' dir='ltr'>i.</span> <span class='ocrx_word' id='word_1_120' title='bbox 415 1274 464 1311; x_wconf 90' lang='lat' dir='ltr'>e.</span> <span class='ocrx_word' id='word_1_121' title='bbox 498 1269 603 1330; x_wconf 85' lang='lat' dir='ltr'>per</span> <span class='ocrx_word' id='word_1_122' title='bbox 641 1255 776 1315; x_wconf 85' lang='lat' dir='ltr'>idem</span> <span class='ocrx_word' id='word_1_123' title='bbox 814 1257 1114 1337; x_wconf 70' lang='lat' dir='ltr'>objee‘tum3</span> <span class='ocrx_word' id='word_1_124' title='bbox 1176 1257 1336 1334; x_wconf 89' lang='lat' dir='ltr'>quod</span> <span class='ocrx_word' id='word_1_125' title='bbox 1383 1255 1482 1314; x_wconf 93' lang='lat' dir='ltr'>suo</span> <span class='ocrx_word' id='word_1_126' title='bbox 1538 1255 1808 1333; x_wconf 85' lang='lat' dir='ltr'>exemplo</span> 
     </span>
     <span class='ocr_line' id='line_1_16' title="bbox 0 1332 1805 1416; baseline 0.003 -26"><span class='ocrx_word' id='word_1_127' title='bbox 0 1336 1 1348; x_wconf 67' lang='lat'><em>²</em></span> <span class='ocrx_word' id='word_1_128' title='bbox 75 1332 321 1410; x_wconf 84' lang='lat' dir='ltr'>amplius</span> <span class='ocrx_word' id='word_1_129' title='bbox 382 1333 628 1394; x_wconf 83' lang='lat' dir='ltr'>illustrat</span> <span class='ocrx_word' id='word_1_130' title='bbox 676 1337 996 1416; x_wconf 89' lang='lat' dir='ltr'>Apostolus</span> <span class='ocrx_word' id='word_1_131' title='bbox 1045 1338 1119 1396; x_wconf 83' lang='lat' dir='ltr'>ad</span> <span class='ocrx_word' id='word_1_132' title='bbox 1161 1337 1293 1396; x_wconf 82' lang='lat' dir='ltr'>Gal.</span> <span class='ocrx_word' id='word_1_133' title='bbox 1338 1337 1372 1396; x_wconf 90' lang='lat' dir='ltr'>i.</span> <span class='ocrx_word' id='word_1_134' title='bbox 1428 1338 1517 1396; x_wconf 89' lang='lat'>16.</span> <span class='ocrx_word' id='word_1_135' title='bbox 1564 1337 1805 1415; x_wconf 70' lang='lat' dir='ltr'>affi’rens,</span> 
     </span>
     <span class='ocr_line' id='line_1_17' title="bbox 75 1412 1808 1499; baseline 0.003 -28"><span class='ocrx_word' id='word_1_136' title='bbox 75 1412 227 1492; x_wconf 86' lang='lat' dir='ltr'>quod,</span> <span class='ocrx_word' id='word_1_137' title='bbox 272 1435 394 1474; x_wconf 81' lang='lat' dir='ltr'>cum</span> <span class='ocrx_word' id='word_1_138' title='bbox 424 1416 578 1474; x_wconf 86' lang='lat' dir='ltr'><em>Deus</em></span> <span class='ocrx_word' id='word_1_139' title='bbox 624 1417 903 1498; x_wconf 77' lang='lat' dir='ltr'>revela‘ffi’t</span> <span class='ocrx_word' id='word_1_140' title='bbox 930 1419 1113 1494; x_wconf 87' lang='lat' dir='ltr'><em>filium</em></span> <span class='ocrx_word' id='word_1_141' title='bbox 1141 1422 1298 1499; x_wconf 87' lang='lat' dir='ltr'>suum</span> <span class='ocrx_word' id='word_1_142' title='bbox 1340 1422 1395 1478; x_wconf 86' lang='lat' dir='ltr'><em>in</em></span> <span class='ocrx_word' id='word_1_143' title='bbox 1424 1421 1544 1498; x_wconf 77' lang='lat' dir='ltr'>ipso,</span> <span class='ocrx_word' id='word_1_144' title='bbox 1591 1439 1690 1477; x_wconf 89' lang='lat' dir='ltr'>non</span> <span class='ocrx_word' id='word_1_145' title='bbox 1719 1440 1808 1476; x_wconf 79' lang='lat' dir='ltr'>ac-</span> 
     </span>
     <span class='ocr_line' id='line_1_18' title="bbox 74 1497 1811 1581; baseline 0.003 -29"><span class='ocrx_word' id='word_1_146' title='bbox 74 1497 333 1573; x_wconf 83' lang='lat' dir='ltr'><em>quieverit</em></span> <span class='ocrx_word' id='word_1_147' title='bbox 350 1499 504 1556; x_wconf 65' lang='lat' dir='ltr'><em>carn&#39;i</em></span> <span class='ocrx_word' id='word_1_148' title='bbox 545 1498 614 1558; x_wconf 80' lang='lat'><em>&amp;</em></span> <span class='ocrx_word' id='word_1_149' title='bbox 647 1499 899 1581; x_wconf 82' lang='lat' dir='ltr'><em>sanguini</em></span> <span class='ocrx_word' id='word_1_150' title='bbox 927 1525 946 1565; x_wconf 91' lang='lat'>·,</span> <span class='ocrx_word' id='word_1_151' title='bbox 991 1501 1085 1560; x_wconf 89' lang='lat' dir='ltr'>sed</span> <span class='ocrx_word' id='word_1_152' title='bbox 1126 1500 1399 1560; x_wconf 76' lang='lat' dir='ltr'>continuo</span> <span class='ocrx_word' id='word_1_153' title='bbox 1430 1498 1811 1559; x_wconf 85' lang='lat' dir='ltr'>crediderit&amp;</span> 
     </span>
     <span class='ocr_line' id='line_1_19' title="bbox 74 1575 1809 1660; baseline 0.003 -27"><span class='ocrx_word' id='word_1_154' title='bbox 74 1575 412 1636; x_wconf 84' lang='lat' dir='ltr'>obediverit.</span> <span class='ocrx_word' id='word_1_155' title='bbox 501 1577 666 1639; x_wconf 88' lang='lat' dir='ltr'>Idem</span> <span class='ocrx_word' id='word_1_156' title='bbox 697 1581 1017 1660; x_wconf 86' lang='lat' dir='ltr'>Apostolus</span> <span class='ocrx_word' id='word_1_157' title='bbox 1061 1582 1133 1641; x_wconf 81' lang='lat' dir='ltr'>ad</span> <span class='ocrx_word' id='word_1_158' title='bbox 1161 1583 1323 1641; x_wconf 89' lang='lat' dir='ltr'>Heb.</span> <span class='ocrx_word' id='word_1_159' title='bbox 1349 1580 1464 1640; x_wconf 86' lang='lat' dir='ltr'>xiii.</span> <span class='ocrx_word' id='word_1_160' title='bbox 1510 1581 1650 1639; x_wconf 89' lang='lat' dir='ltr'>dum</span> <span class='ocrx_word' id='word_1_161' title='bbox 1675 1581 1809 1638; x_wconf 88' lang='lat' dir='ltr'>hor-</span> 
     </span>
     <span class='ocr_line' id='line_1_20' title="bbox 74 1658 1811 1742; baseline 0.005 -28"><span class='ocrx_word' id='word_1_162' title='bbox 74 1671 232 1715; x_wconf 87' lang='lat' dir='ltr'>tatur</span> <span class='ocrx_word' id='word_1_163' title='bbox 272 1658 584 1729; x_wconf 66' lang='lat' dir='ltr'>Hebraeos,</span> <span class='ocrx_word' id='word_1_164' title='bbox 633 1663 899 1738; x_wconf 73' lang='lat' dir='ltr'><em>seniorum</em></span> <span class='ocrx_word' id='word_1_165' title='bbox 934 1662 1093 1736; x_wconf 86' lang='lat' dir='ltr'>fidem</span> <span class='ocrx_word' id='word_1_166' title='bbox 1118 1663 1283 1742; x_wconf 74' lang='lat' dir='ltr'><em>sequi,</em></span> <span class='ocrx_word' id='word_1_167' title='bbox 1329 1662 1488 1721; x_wconf 84' lang='lat' dir='ltr'>addit</span> <span class='ocrx_word' id='word_1_168' title='bbox 1508 1663 1654 1721; x_wconf 85' lang='lat' dir='ltr'>hanc</span> <span class='ocrx_word' id='word_1_169' title='bbox 1677 1682 1811 1723; x_wconf 86' lang='lat' dir='ltr'>cau-</span> 
     </span>
     <span class='ocr_line' id='line_1_21' title="bbox 74 1737 1809 1823; baseline 0.003 -28"><span class='ocrx_word' id='word_1_170' title='bbox 74 1737 215 1808; x_wconf 87' lang='lat' dir='ltr'>sam,</span> <span class='ocrx_word' id='word_1_171' title='bbox 261 1759 318 1797; x_wconf 90' lang='lat' dir='ltr'>v.</span> <span class='ocrx_word' id='word_1_172' title='bbox 353 1756 407 1818; x_wconf 90' lang='lat'>7.</span> <span class='ocrx_word' id='word_1_173' title='bbox 449 1742 709 1801; x_wconf 71' lang='lat' dir='ltr'>intuentes&#39;</span> <span class='ocrx_word' id='word_1_174' title='bbox 727 1747 922 1803; x_wconf 88' lang='lat' dir='ltr'>exitum</span> <span class='ocrx_word' id='word_1_175' title='bbox 943 1745 1340 1821; x_wconf 80' lang='lat' dir='ltr'><em>conversationis</em></span> <span class='ocrx_word' id='word_1_176' title='bbox 1371 1766 1388 1801; x_wconf 91' lang='lat'><em>:</em></span> <span class='ocrx_word' id='word_1_177' title='bbox 1430 1746 1585 1823; x_wconf 74' lang='lat' dir='ltr'>Jefits</span> <span class='ocrx_word' id='word_1_178' title='bbox 1604 1743 1809 1816; x_wconf 83' lang='lat' dir='ltr'><em>Christ-</em></span> 
     </span>
     <span class='ocr_line' id='line_1_22' title="bbox 75 1820 1811 1904; baseline 0.003 -27"><span class='ocrx_word' id='word_1_179' title='bbox 75 1838 138 1877; x_wconf 86' lang='lat' dir='ltr'>us</span> <span class='ocrx_word' id='word_1_180' title='bbox 194 1820 310 1878; x_wconf 88' lang='lat' dir='ltr'><em>heri</em></span> <span class='ocrx_word' id='word_1_181' title='bbox 350 1821 420 1881; x_wconf 55' lang='grc' dir='ltr'>δέ</span> <span class='ocrx_word' id='word_1_182' title='bbox 468 1822 617 1881; x_wconf 83' lang='lat' dir='ltr'>hodie</span> <span class='ocrx_word' id='word_1_183' title='bbox 675 1823 775 1902; x_wconf 73' lang='lat' dir='ltr'>ipſse</span> <span class='ocrx_word' id='word_1_184' title='bbox 815 1825 885 1884; x_wconf 54' lang='grc' dir='ltr'>ἐς)</span> <span class='ocrx_word' id='word_1_185' title='bbox 926 1828 982 1884; x_wconf 87' lang='lat' dir='ltr'><em>in</em></span> <span class='ocrx_word' id='word_1_186' title='bbox 1027 1825 1251 1903; x_wconf 71' lang='lat' dir='ltr'>secula,</span> <span class='ocrx_word' id='word_1_187' title='bbox 1325 1844 1443 1904; x_wconf 91' lang='lat' dir='ltr'>quo</span> <span class='ocrx_word' id='word_1_188' title='bbox 1493 1824 1811 1883; x_wconf 88' lang='lat' dir='ltr'>luculenter</span> 
     </span>
     <span class='ocr_line' id='line_1_23' title="bbox 76 1898 1813 1984; baseline 0.005 -27"><span class='ocrx_word' id='word_1_189' title='bbox 76 1898 381 1977; x_wconf 53' lang='lat' dir='ltr'>fignificat,</span> <span class='ocrx_word' id='word_1_190' title='bbox 426 1900 483 1958; x_wconf 90' lang='lat' dir='ltr'>in</span> <span class='ocrx_word' id='word_1_191' title='bbox 530 1901 761 1979; x_wconf 70' lang='lat' dir='ltr'>objecto</span> <span class='ocrx_word' id='word_1_192' title='bbox 791 1905 1010 1964; x_wconf 83' lang='lat' dir='ltr'>nullam</span> <span class='ocrx_word' id='word_1_193' title='bbox 1053 1907 1159 1964; x_wconf 87' lang='lat' dir='ltr'>effe</span> <span class='ocrx_word' id='word_1_194' title='bbox 1200 1906 1556 1965; x_wconf 85' lang='lat' dir='ltr'>varietatem.</span> <span class='ocrx_word' id='word_1_195' title='bbox 1642 1907 1813 1984; x_wconf 80' lang='lat' dir='ltr'>Siquis</span> 
     </span>
     <span class='ocr_line' id='line_1_24' title="bbox 77 1980 1811 2065; baseline 0.003 -27"><span class='ocrx_word' id='word_1_196' title='bbox 77 1980 585 2057; x_wconf 79' lang='lat' dir='ltr'><em>administrationum</em></span> <span class='ocrx_word' id='word_1_197' title='bbox 612 1985 822 2065; x_wconf 85' lang='lat' dir='ltr'><em>objiciat</em></span> <span class='ocrx_word' id='word_1_198' title='bbox 847 1986 1204 2064; x_wconf 75' lang='lat' dir='ltr'>divetfitatem</span> <span class='ocrx_word' id='word_1_199' title='bbox 1232 2009 1250 2044; x_wconf 93' lang='grc'>.·</span> <span class='ocrx_word' id='word_1_200' title='bbox 1303 1985 1664 2065; x_wconf 90' lang='lat' dir='ltr'>Respondeo,</span> <span class='ocrx_word' id='word_1_201' title='bbox 1700 1989 1811 2045; x_wconf 90' lang='lat' dir='ltr'>hoc</span> 
     </span>
     <span class='ocr_line' id='line_1_25' title="bbox 77 2061 1810 2151; baseline 0.003 -32"><span class='ocrx_word' id='word_1_202' title='bbox 77 2061 241 2151; x_wconf 82' lang='lat' dir='ltr'>nullo</span> <span class='ocrx_word' id='word_1_203' title='bbox 283 2062 463 2121; x_wconf 90' lang='lat' dir='ltr'>modo</span> <span class='ocrx_word' id='word_1_204' title='bbox 512 2063 807 2143; x_wconf 69' lang='lat' dir='ltr'>objectum</span> <span class='ocrx_word' id='word_1_205' title='bbox 837 2085 1046 2138; x_wconf 85' lang='lat' dir='ltr'>mutat,</span> <span class='ocrx_word' id='word_1_206' title='bbox 1092 2089 1227 2128; x_wconf 79' lang='lat' dir='ltr'>nam</span> <span class='ocrx_word' id='word_1_207' title='bbox 1264 2067 1416 2126; x_wconf 91' lang='lat' dir='ltr'>idem</span> <span class='ocrx_word' id='word_1_208' title='bbox 1468 2068 1810 2148; x_wconf 83' lang='lat' dir='ltr'>Apostolus,</span> 
     </span>
     <span class='ocr_line' id='line_1_26' title="bbox 77 2143 1809 2227; baseline 0.005 -27"><span class='ocrx_word' id='word_1_209' title='bbox 77 2143 181 2202; x_wconf 74' lang='lat' dir='ltr'>ubi</span> <span class='ocrx_word' id='word_1_210' title='bbox 237 2158 324 2202; x_wconf 91' lang='lat' dir='ltr'>ter</span> <span class='ocrx_word' id='word_1_211' title='bbox 344 2144 490 2203; x_wconf 87' lang='lat' dir='ltr'>hanc</span> <span class='ocrx_word' id='word_1_212' title='bbox 516 2145 855 2206; x_wconf 84' lang='lat' dir='ltr'>varietatem</span> <span class='ocrx_word' id='word_1_213' title='bbox 877 2149 1157 2220; x_wconf 84' lang='lat' dir='ltr'>nominat,</span> <span class='ocrx_word' id='word_1_214' title='bbox 1212 2173 1234 2211; x_wconf 93' lang='lat'>1</span> <span class='ocrx_word' id='word_1_215' title='bbox 1267 2150 1402 2208; x_wconf 86' lang='lat' dir='ltr'>Cor.</span> <span class='ocrx_word' id='word_1_216' title='bbox 1443 2149 1538 2209; x_wconf 86' lang='lat' dir='ltr'>xii.</span> <span class='ocrx_word' id='word_1_217' title='bbox 1569 2171 1627 2223; x_wconf 86' lang='lat'>4,</span> <span class='ocrx_word' id='word_1_218' title='bbox 1662 2169 1719 2227; x_wconf 85' lang='lat'>5,</span> <span class='ocrx_word' id='word_1_219' title='bbox 1756 2149 1809 2209; x_wconf 84' lang='lat'>6.</span> 
     </span>
     <span class='ocr_line' id='line_1_27' title="bbox 76 2223 1809 2309; baseline 0.005 -27"><span class='ocrx_word' id='word_1_220' title='bbox 76 2223 153 2282; x_wconf 84' lang='lat' dir='ltr'>ad</span> <span class='ocrx_word' id='word_1_221' title='bbox 179 2223 332 2283; x_wconf 90' lang='lat' dir='ltr'>idem</span> <span class='ocrx_word' id='word_1_222' title='bbox 364 2224 658 2302; x_wconf 67' lang='lat' dir='ltr'>objectum</span> <span class='ocrx_word' id='word_1_223' title='bbox 687 2228 910 2307; x_wconf 91' lang='lat' dir='ltr'>semper</span> <span class='ocrx_word' id='word_1_224' title='bbox 939 2231 1197 2291; x_wconf 89' lang='lat' dir='ltr'>recurrit.</span> <span class='ocrx_word' id='word_1_225' title='bbox 1282 2232 1368 2290; x_wconf 88' lang='lat' dir='ltr'><em>Sic</em></span> <span class='ocrx_word' id='word_1_226' title='bbox 1405 2231 1539 2290; x_wconf 86' lang='lat' dir='ltr'>idem</span> <span class='ocrx_word' id='word_1_227' title='bbox 1560 2232 1809 2309; x_wconf 79' lang='lat' dir='ltr'><em>Spiritus,</em></span> 
     </span>
     <span class='ocr_line' id='line_1_28' title="bbox 77 2303 1813 2381; baseline 0.007 -19"><span class='ocrx_word' id='word_1_228' title='bbox 77 2303 214 2364; x_wconf 88' lang='lat' dir='ltr'>idem</span> <span class='ocrx_word' id='word_1_229' title='bbox 253 2306 533 2378; x_wconf 85' lang='lat' dir='ltr'>Dominus,</span> <span class='ocrx_word' id='word_1_230' title='bbox 599 2309 733 2369; x_wconf 87' lang='lat' dir='ltr'>idem</span> <span class='ocrx_word' id='word_1_231' title='bbox 779 2311 944 2370; x_wconf 87' lang='lat' dir='ltr'><em>Deus.</em></span> <span class='ocrx_word' id='word_1_232' title='bbox 1031 2313 1337 2381; x_wconf 85' lang='lat' dir='ltr'>Praeterea,</span> <span class='ocrx_word' id='word_1_233' title='bbox 1404 2316 1461 2372; x_wconf 89' lang='lat' dir='ltr'><em>ni</em></span> <span class='ocrx_word' id='word_1_234' title='bbox 1481 2336 1498 2371; x_wconf 83' lang='lat' dir='ltr'>z</span> <span class='ocrx_word' id='word_1_235' title='bbox 1549 2313 1682 2372; x_wconf 84' lang='lat' dir='ltr'>idem</span> <span class='ocrx_word' id='word_1_236' title='bbox 1742 2314 1813 2374; x_wconf 65' lang='lat'>{5⁹</span> 
     </span>
     <span class='ocr_line' id='line_1_29' title="bbox 77 2386 1814 2474; baseline 0.005 -29"><span class='ocrx_word' id='word_1_237' title='bbox 77 2386 242 2457; x_wconf 86' lang='lat' dir='ltr'><em>nobis,</em></span> <span class='ocrx_word' id='word_1_238' title='bbox 289 2387 358 2448; x_wconf 80' lang='lat'><em>&amp;</em></span> <span class='ocrx_word' id='word_1_239' title='bbox 388 2387 517 2459; x_wconf 84' lang='lat' dir='ltr'><em>illis,</em></span> <span class='ocrx_word' id='word_1_240' title='bbox 562 2394 666 2450; x_wconf 86' lang='lat' dir='ltr'>erit</span> <span class='ocrx_word' id='word_1_241' title='bbox 689 2392 825 2466; x_wconf 88' lang='lat' dir='ltr'>fidei</span> <span class='ocrx_word' id='word_1_242' title='bbox 851 2393 1118 2473; x_wconf 71' lang='lat' dir='ltr'>objeetum,</span> <span class='ocrx_word' id='word_1_243' title='bbox 1162 2408 1285 2455; x_wconf 90' lang='lat' dir='ltr'>tunc</span> <span class='ocrx_word' id='word_1_244' title='bbox 1312 2395 1460 2455; x_wconf 86' lang='lat' dir='ltr'><em>Deus</em></span> <span class='ocrx_word' id='word_1_245' title='bbox 1502 2393 1676 2474; x_wconf 84' lang='lat' dir='ltr'><em>aliquo</em></span> <span class='ocrx_word' id='word_1_246' title='bbox 1706 2395 1814 2454; x_wconf 77' lang='lat' dir='ltr'><em>ulio</em></span> 
     </span>
     <span class='ocr_line' id='line_1_30' title="bbox 76 2467 1810 2553; baseline 0.005 -27"><span class='ocrx_word' id='word_1_247' title='bbox 76 2467 226 2527; x_wconf 80' lang='lat' dir='ltr'>modo</span> <span class='ocrx_word' id='word_1_248' title='bbox 266 2471 641 2548; x_wconf 85' lang='lat' dir='ltr'><em>cognosceretur</em></span> <span class='ocrx_word' id='word_1_249' title='bbox 680 2493 836 2552; x_wconf 83' lang='lat' dir='ltr'>quam</span> <span class='ocrx_word' id='word_1_250' title='bbox 877 2475 1124 2553; x_wconf 78' lang='lat' dir='ltr'>Spiritu3</span> <span class='ocrx_word' id='word_1_251' title='bbox 1167 2475 1259 2534; x_wconf 93' lang='lat' dir='ltr'>sed</span> <span class='ocrx_word' id='word_1_252' title='bbox 1297 2476 1407 2534; x_wconf 92' lang='lat' dir='ltr'>hoc</span> <span class='ocrx_word' id='word_1_253' title='bbox 1448 2475 1756 2534; x_wconf 82' lang='lat' dir='ltr'>absurdum</span> <span class='ocrx_word' id='word_1_254' title='bbox 1791 2500 1810 2542; x_wconf 80' lang='lat'>3</span> 
     </span>
     <span class='ocr_line' id='line_1_31' title="bbox 81 2547 1814 2636; baseline 0.005 -30"><span class='ocrx_word' id='word_1_255' title='bbox 81 2547 267 2628; x_wconf 85' lang='lat' dir='ltr'>Ergo.</span> <span class='ocrx_word' id='word_1_256' title='bbox 334 2549 597 2630; x_wconf 90' lang='lat' dir='ltr'>Denique</span> <span class='ocrx_word' id='word_1_257' title='bbox 665 2554 791 2614; x_wconf 83' lang='lat' dir='ltr'>haec</span> <span class='ocrx_word' id='word_1_258' title='bbox 841 2556 1236 2636; x_wconf 79' lang='lat' dir='ltr'>consequentia</span> <span class='ocrx_word' id='word_1_259' title='bbox 1277 2578 1347 2615; x_wconf 85' lang='lat' dir='ltr'>ex</span> <span class='ocrx_word' id='word_1_260' title='bbox 1382 2556 1706 2615; x_wconf 74' lang='lat' dir='ltr'>communi</span> <span class='ocrx_word' id='word_1_261' title='bbox 1751 2556 1814 2615; x_wconf 84' lang='lat'>&amp;</span> 
     </span>
     <span class='ocr_line' id='line_1_32' title="bbox 83 2630 1810 2716; baseline 0.005 -30"><span class='ocrx_word' id='word_1_262' title='bbox 83 2645 314 2708; x_wconf 89' lang='lat' dir='ltr'>recepto</span> <span class='ocrx_word' id='word_1_263' title='bbox 343 2630 811 2694; x_wconf 82' lang='lat' dir='ltr'>scholasticorum</span> <span class='ocrx_word' id='word_1_264' title='bbox 840 2636 1133 2697; x_wconf 85' lang='lat' dir='ltr'>axiomate</span> <span class='ocrx_word' id='word_1_265' title='bbox 1163 2637 1483 2697; x_wconf 74' lang='lat' dir='ltr'>firmiffime</span> <span class='ocrx_word' id='word_1_266' title='bbox 1507 2640 1810 2716; x_wconf 83' lang='lat' dir='ltr'>probatur,</span> 
     </span>
     <span class='ocr_line' id='line_1_33' title="bbox 77 2717 1813 2800; baseline 0.007 -34"><span class='ocrx_word' id='word_1_267' title='bbox 77 2729 312 2788; x_wconf 84' lang='lat' dir='ltr'>nempe,</span> <span class='ocrx_word' id='word_1_268' title='bbox 376 2717 541 2774; x_wconf 86' lang='lat' dir='ltr'><em>omnis</em></span> <span class='ocrx_word' id='word_1_269' title='bbox 590 2722 737 2775; x_wconf 67' lang='lat' dir='ltr'><em>aetus</em></span> <span class='ocrx_word' id='word_1_270' title='bbox 762 2719 1095 2794; x_wconf 83' lang='lat' dir='ltr'>specificatur</span> <span class='ocrx_word' id='word_1_271' title='bbox 1131 2720 1198 2778; x_wconf 81' lang='lat' dir='ltr'>ab</span> <span class='ocrx_word' id='word_1_272' title='bbox 1239 2719 1444 2800; x_wconf 70' lang='lat' dir='ltr'>objetto,</span> <span class='ocrx_word' id='word_1_273' title='bbox 1490 2739 1559 2785; x_wconf 84' lang='lat' dir='ltr'>ex</span> <span class='ocrx_word' id='word_1_274' title='bbox 1587 2739 1723 2798; x_wconf 89' lang='lat' dir='ltr'>quo,</span> <span class='ocrx_word' id='word_1_275' title='bbox 1771 2719 1813 2777; x_wconf 83' lang='lat' dir='ltr'><strong>fi</strong></span> 
     </span>
     <span class='ocr_line' id='line_1_34' title="bbox 81 2791 1814 2878; baseline 0.008 -32"><span class='ocrx_word' id='word_1_276' title='bbox 81 2791 417 2862; x_wconf 18' lang='lat' dir='ltr'>verumvest,</span> <span class='ocrx_word' id='word_1_277' title='bbox 464 2796 622 2874; x_wconf 92' lang='lat' dir='ltr'>quod</span> <span class='ocrx_word' id='word_1_278' title='bbox 661 2795 744 2855; x_wconf 91' lang='lat' dir='ltr'>illi</span> <span class='ocrx_word' id='word_1_279' title='bbox 783 2797 1038 2858; x_wconf 83' lang='lat' dir='ltr'>fatentur</span> <span class='ocrx_word' id='word_1_280' title='bbox 1074 2800 1232 2875; x_wconf 87' lang='lat' dir='ltr'>(licet</span> <span class='ocrx_word' id='word_1_281' title='bbox 1259 2800 1332 2858; x_wconf 87' lang='lat' dir='ltr'>ad</span> <span class='ocrx_word' id='word_1_282' title='bbox 1361 2801 1477 2859; x_wconf 86' lang='lat' dir='ltr'>hoc</span> <span class='ocrx_word' id='word_1_283' title='bbox 1506 2821 1814 2878; x_wconf 83' lang='lat' dir='ltr'>argumen-</span> 
     </span>
     <span class='ocr_line' id='line_1_35' title="bbox 83 2873 1815 2951; baseline 0.007 -23"><span class='ocrx_word' id='word_1_284' title='bbox 83 2885 236 2941; x_wconf 85' lang='lat' dir='ltr'>tum,</span> <span class='ocrx_word' id='word_1_285' title='bbox 284 2873 447 2951; x_wconf 93' lang='lat' dir='ltr'>quod</span> <span class='ocrx_word' id='word_1_286' title='bbox 494 2875 661 2935; x_wconf 87' lang='lat' dir='ltr'>nimis</span> <span class='ocrx_word' id='word_1_287' title='bbox 686 2877 972 2938; x_wconf 85' lang='lat' dir='ltr'>curiosum</span> <span class='ocrx_word' id='word_1_288' title='bbox 1010 2879 1070 2937; x_wconf 89' lang='lat'>&amp;</span> <span class='ocrx_word' id='word_1_289' title='bbox 1097 2880 1496 2941; x_wconf 84' lang='lat' dir='ltr'>scholasticum</span> <span class='ocrx_word' id='word_1_290' title='bbox 1529 2881 1625 2951; x_wconf 84' lang='lat' dir='ltr'>fit,</span> <span class='ocrx_word' id='word_1_291' title='bbox 1662 2883 1815 2941; x_wconf 86' lang='lat' dir='ltr'>mul-</span> 
     </span>
     <span class='ocr_line' id='line_1_36' title="bbox 83 2953 1816 3042; baseline 0.009 -34"><span class='ocrx_word' id='word_1_292' title='bbox 83 2966 285 3041; x_wconf 80' lang='lat' dir='ltr'>torum</span> <span class='ocrx_word' id='word_1_293' title='bbox 328 2953 494 3014; x_wconf 58' lang='lat' dir='ltr'>caus&amp;</span> <span class='ocrx_word' id='word_1_294' title='bbox 530 2978 652 3017; x_wconf 92' lang='lat' dir='ltr'>non</span> <span class='ocrx_word' id='word_1_295' title='bbox 695 2978 1007 3031; x_wconf 83' lang='lat' dir='ltr'>recurram,</span> <span class='ocrx_word' id='word_1_296' title='bbox 1052 2981 1156 3021; x_wconf 89' lang='lat' dir='ltr'>nec</span> <span class='ocrx_word' id='word_1_297' title='bbox 1185 2962 1355 3022; x_wconf 87' lang='lat' dir='ltr'>multi</span> <span class='ocrx_word' id='word_1_298' title='bbox 1386 2962 1651 3042; x_wconf 81' lang='lat' dir='ltr'>ponderis</span> <span class='ocrx_word' id='word_1_299' title='bbox 1680 2962 1816 3023; x_wconf 80' lang='lat' dir='ltr'>talia</span> 
     </span>
     <span class='ocr_line' id='line_1_37' title="bbox 82 3030 1815 3123; baseline 0.008 -33"><span class='ocrx_word' id='word_1_300' title='bbox 82 3030 315 3104; x_wconf 76' lang='lat' dir='ltr'>famam,</span> <span class='ocrx_word' id='word_1_301' title='bbox 360 3036 520 3114; x_wconf 88' lang='lat' dir='ltr'>quod</span> <span class='ocrx_word' id='word_1_302' title='bbox 550 3037 976 3118; x_wconf 80' lang='lat' dir='ltr'>simplicitatem</span> <span class='ocrx_word' id='word_1_303' title='bbox 1006 3041 1310 3123; x_wconf 85' lang='lat' dir='ltr'>Evangelii</span> <span class='ocrx_word' id='word_1_304' title='bbox 1360 3043 1600 3103; x_wconf 74' lang='lat' dir='ltr'>minime</span> <span class='ocrx_word' id='word_1_305' title='bbox 1650 3063 1815 3104; x_wconf 90' lang='lat' dir='ltr'>com-</span> 
     </span>
     <span class='ocr_line' id='line_1_38' title="bbox 47 3113 1816 3202; baseline 0.005 -24"><span class='ocrx_word' id='word_1_306' title='bbox 47 3175 49 3178; x_wconf 84' lang='lat'>.</span> <span class='ocrx_word' id='word_1_307' title='bbox 84 3113 382 3194; x_wconf 85' lang='lat' dir='ltr'>mendent)</span> <span class='ocrx_word' id='word_1_308' title='bbox 422 3118 480 3194; x_wconf 86' lang='lat' dir='ltr'><strong><em>fi</em></strong></span> <span class='ocrx_word' id='word_1_309' title='bbox 531 3121 779 3200; x_wconf 64' lang='lat' dir='ltr'>objeblum</span> <span class='ocrx_word' id='word_1_310' title='bbox 819 3123 934 3202; x_wconf 87' lang='lat' dir='ltr'>effet</span> <span class='ocrx_word' id='word_1_311' title='bbox 972 3123 1252 3202; x_wconf 86' lang='lat' dir='ltr'>diversum,</span> <span class='ocrx_word' id='word_1_312' title='bbox 1324 3137 1457 3184; x_wconf 85' lang='lat' dir='ltr'>tunc·</span> <span class='ocrx_word' id='word_1_313' title='bbox 1492 3129 1650 3185; x_wconf 80' lang='lat' dir='ltr'>etiam</span> <span class='ocrx_word' id='word_1_314' title='bbox 1675 3126 1816 3201; x_wconf 85' lang='lat' dir='ltr'>fides</span> 
     </span>
     <span class='ocr_line' id='line_1_39' title="bbox 83 3193 1812 3293; baseline 0.008 -41"><span class='ocrx_word' id='word_1_315' title='bbox 83 3193 296 3293; x_wconf 56' lang='lat' dir='ltr'>diversit</span> <span class='ocrx_word' id='word_1_316' title='bbox 322 3199 486 3288; x_wconf 72' lang='lat' dir='ltr'>foret.</span> <span class='ocrx_word' id='word_1_317' title='bbox 574 3201 696 3284; x_wconf 81' lang='lat' dir='ltr'>Qi</span> <span class='ocrx_word' id='word_1_318' title='bbox 717 3202 891 3262; x_wconf 74' lang='lat' dir='ltr'>hodie</span> <span class='ocrx_word' id='word_1_319' title='bbox 913 3203 1058 3265; x_wconf 88' lang='lat' dir='ltr'>hanc</span> <span class='ocrx_word' id='word_1_320' title='bbox 1088 3205 1551 3286; x_wconf 83' lang='lat' dir='ltr'>propofitionem</span> <span class='ocrx_word' id='word_1_321' title='bbox 1578 3223 1812 3287; x_wconf 82' lang='lat' dir='ltr'>negant,</span> 
     </span>
     <span class='ocr_line' id='line_1_40' title="bbox 48 3273 1816 3362; baseline 0.005 -24"><span class='ocrx_word' id='word_1_322' title='bbox 48 3335 52 3338; x_wconf 80' lang='grc'><em>.</em></span> <span class='ocrx_word' id='word_1_323' title='bbox 88 3273 187 3336; x_wconf 73' lang='lat' dir='ltr'>hic</span> <span class='ocrx_word' id='word_1_324' title='bbox 231 3275 584 3362; x_wconf 66' lang='lat' dir='ltr'>distmetione</span> <span class='ocrx_word' id='word_1_325' title='bbox 622 3299 883 3361; x_wconf 82' lang='lat' dir='ltr'>utuntur,</span> <span class='ocrx_word' id='word_1_326' title='bbox 929 3286 1300 3353; x_wconf 88' lang='lat' dir='ltr'>concedentes</span> <span class='ocrx_word' id='word_1_327' title='bbox 1339 3287 1531 3350; x_wconf 87' lang='lat' dir='ltr'>Deum</span> <span class='ocrx_word' id='word_1_328' title='bbox 1558 3308 1676 3350; x_wconf 90' lang='lat' dir='ltr'>non</span> <span class='ocrx_word' id='word_1_329' title='bbox 1715 3287 1816 3348; x_wconf 84' lang='lat' dir='ltr'>nifi</span> 
     </span>
     <span class='ocr_line' id='line_1_41' title="bbox 18 3367 1818 3452; baseline 0.009 -38"><span class='ocrx_word' id='word_1_330' title='bbox 18 3389 21 3392; x_wconf 95' lang='lat'>·</span> <span class='ocrx_word' id='word_1_331' title='bbox 87 3407 94 3414; x_wconf 91' lang='lat'><em>.</em></span> <span class='ocrx_word' id='word_1_332' title='bbox 1067 3367 1118 3429; x_wconf 91' lang='lat' dir='ltr'>C</span> <span class='ocrx_word' id='word_1_333' title='bbox 1156 3388 1193 3450; x_wconf 85' lang='lat'>3</span> <span class='ocrx_word' id='word_1_334' title='bbox 1601 3368 1818 3452; x_wconf 80' lang='lat' dir='ltr'>Spiritu</span> 
     </span>
    </p>
   </div>
  </div>
 </body>
</html>
