2086 3640
504 74 595 134 De
637 72 983 149 Poffibilitate
1012 94 1122 135 ¹non
1152 76 1425 152 peccandi·
1709 98 1740 140 2
1756 102 1827 162 15

100 199 248 255 cata,
294 182 453 253 cum,
514 201 632 262 quo
691 179 822 260 plus
878 181 1136 241 homines
1177 198 1506 261 peccatores
1544 182 1694 256 sunt,
1759 209 1831 249 eo

55 278 57 280 ’
103 266 287 345 magis
336 262 540 323 orandi
593 259 817 322 occafio
863 281 978 341 pro
1027 263 1346 323 remiffione
1389 265 1633 344 peccati,
1698 267 1832 346 plus

32 364 35 367 ·
99 347 181 406 ibi
224 343 685 406 mortificationis
720 343 865 402 usus·
947 345 1058 403 Sed
1092 344 1224 404 satis
1266 345 1540 405 refutavit
1570 349 1837 428 Aposto-

96 427 184 487 lus
230 428 374 487 tales
417 446 526 506 pro
582 440 823 505 peccato
869 439 1146 504 patronos
1203 427 1262 484 &
1307 427 1690 500 cavillatore3‚
1746 430 1832 490 his

94 509 306 580 verbi3‚
352 508 426 566 ad
463 508 659 566 Rom.>
682 504 760 566 vi.
806 526 857 566 1.
905 506 1340 568 Pei-manebimus
1386 513 1441 568 in
1487 523 1721 588 peccato,
1766 525 1829 572 ut

85 594 273 670 gratia
315 589 542 649 abundet
561 589 592 646 ἒ
637 587 805 665 Abfit.
887 586 999 646 Sed
1030 586 1271 666 denique
1301 589 1374 648 ad
1411 607 1678 670 urgentes
1707 593 1827 653 hoc

92 670 166 728 de
203 670 466 729 oratione
523 689 634 749 pro
675 668 993 728 remiffione
1030 685 1402 747 peccatorum
1452 692 1524 731 ex
1564 673 1826 733 oratione

99 749 432 822 Dominimi,
483 749 654 810 facile
682 748 1051 830 respondetur
1142 769 1201 807 er
1252 751 1643 813 retorfionem.
1689 755 1834 814 Hoc

88 851 205 889 non
253 830 438 892 minus
487 831 701 893 militat
730 846 935 891 contra
971 849 1076 910 per
1102 831 1288 890 estam
1323 832 1818 910 justificationem,

85 911 263 993 quam
324 928 527 973 contra
590 910 906 994 perfee‘cam
953 911 1508 980 sanstificationem3
1574 914 1616 972 fi
1665 917 1821 975 enim

87 1013 285 1053 omnes
320 995 517 1066 sanffi,
561 992 801 1071 minimi,
863 1011 979 1053 non
1034 993 1187 1052 secus
1228 1014 1294 1053 ac
1339 995 1598 1064 maximi,
1644 999 1720 1056 ab
1757 997 1823 1056 ea

88 1071 205 1153 ipsa
256 1075 420 1147 hora,
461 1074 578 1156 'qua
626 1087 1062 1146 convertuntur,
1125 1075 1379 1153 perieeffi
1411 1074 1822 1153 justificentur,

87 1171 155 1214 ut
206 1155 510 1216 adversarii
549 1157 776 1227 volunt,
823 1155 1059 1226 habent,
1106 1155 1282 1235 longe
1313 1171 1622 1235 antequam
1646 1158 1825 1215 mori-

87 1252 283 1307 untur,
330 1238 719 1297 remiffionem
759 1235 1024 1310 omn-ium
1062 1252 1434 1316 peecatorum
1468 1261 1487 1302 ;
1530 1236 1714 1296 dicine
1755 1237 1822 1297 iis

80 1316 262 1396 igitur
285 1321 480 1398 poffit,
526 1318 666 1399 quid
693 1338 838 1397 opus
878 1317 1047 1378 vobis
1094 1316 1298 1377 orandi
1344 1338 1455 1398 pro
1498 1317 1821 1378 remiffione

80 1414 477 1477 peccatorum,
542 1398 640 1478 qui
667 1397 1015 1479 jamdudum
1049 1397 1346 1477 justificati
1379 1398 1550 1465 estis;
1611 1402 1819 1481 quibus

78 1478 178 1538 diu
222 1481 416 1542 omnia
464 1491 720 1560 peccata,
765 1483 903 1542 cum
942 1485 1236 1561 praeterita
1286 1483 1416 1541 tum
1444 1481 1659 1551 futura,
1727 1501 1816 1541 re-

80 1560 241 1619 miffa
267 1562 437 1622 sunt?
841 1616 843 1625 ,

163 1642 243 1700 Χ.
288 1643 429 1703 SED
483 1643 567 1702 his
606 1642 734 1701 satis
771 1642 994 1700 dietum
1023 1641 1093 1700 fit
1125 1666 1144 1706 ·,
1187 1640 1259 1700 de
1300 1639 1405 1699 hac
1442 1641 1814 1721 poffibilitate

77 1721 207 1781 satis
263 1722 586 1784 luculenter
642 1724 876 1783 testatus
924 1721 1005 1780 est
1067 1721 1315 1781 Hieron.
1363 1721 1462 1781 lib.
1525 1742 1579 1798 3.
1619 1723 1812 1783 adver.

81 1802 412 1883 Pelagium,
458 1806 551 1863 hoc
585 1806 678 1881 est,
709 1825 797 1864 nos
833 1803 1049 1863 dicimus
1075 1802 1216 1881 poffi’
1250 1804 1505 1863 hominem
1553 1824 1654 1863 non
1689 1821 1814 1881 pec·

79 1905 221 1955 care,
251 1889 308 1964 fi
349 1884 505 1957 velit,
539 1902 646 1963 pro
691 1899 939 1963 tempore,
978 1900 1081 1962 pro
1126 1883 1252 1955 loco,
1308 1900 1413 1961 pro
1454 1885 1816 1945 imbecillitate

80 1967 356 2043 corpor-ed,
401 1966 653 2047 quamdiu
691 1969 917 2027 intentus
956 1966 1028 2039 est
1068 1968 1292 2034 animus,
1338 1966 1588 2045 quamdiu
1614 1967 1822 2027 chorda·

76 2047 228 2108 nullo
263 2051 395 2107 vitio
424 2048 648 2108 laxatur
683 2051 739 2108 in
766 2048 1015 2128 cythara,
1061 2044 1122 2103 &
1164 2047 1348 2104 rursus
1388 2045 1594 2105 eodem
1633 2047 1810 2120 libro,

76 2127 214 2208 quod
257 2130 328 2206 cst
363 2129 501 2209 quod
542 2129 784 2189 dixeram
820 2133 876 2187 in
924 2128 1107 2204 nostrai
1144 2127 1238 2206 ff'
1280 2128 1506 2205 pofitum
1534 2127 1806 2206 potestate,

79 2215 206 2288 (per
238 2215 478 2293 gratiam
503 2210 704 2288 scilicet
743 2210 964 2291 adjutd)
999 2208 1094 2268 vel
1122 2225 1364 2286 peccare,
1409 2208 1504 2268 vel
1544 2230 1646 2270 non
1683 2227 1810 2289 pec-

78 2313 242 2352 care:
286 2293 380 2351 hic
401 2292 561 2363 ,enim
601 2306 726 2352 erat
748 2289 970 2370 Pelagii
1011 2309 1194 2360 error,
1255 2310 1430 2370 quem
1464 2310 1566 2348 nos
1610 2291 1810 2350 revera.

82 2372 397 2453 respuimus
436 2373 496 2431 &
545 2372 892 2443 aversamur,
938 2370 999 2430 δι
1044 2371 1136 2430 cui
1178 2387 1367 2451 patres
1416 2391 1614 2431 omnes
1653 2371 1806 2450 juste

78 2454 426 2526 restiterunt,
469 2454 661 2514 dicere
696 2453 926 2522 scilicet,
970 2453 1127 2532 poss'e
1150 2451 1444 2512 hominem
1470 2452 1687 2512 viribus
1709 2474 1808 2513 na-

77 2535 360 2596 turalibus
405 2535 616 2614 absque
645 2534 755 2595 Dei
804 2533 990 2615 gratia
1018 2553 1134 2592 non
1162 2553 1416 2612 peccare.
1501 2532 1614 2592 Sed
1642 2533 1807 2612 quod

76 2617 154 2676 ab
194 2615 301 2677 hac
340 2616 730 2696 possibilitate,
775 2616 981 2675 divinae
1029 2614 1232 2693 gratiae
1270 2635 1403 2693 ope,
1450 2633 1565 2672 non
1595 2614 1807 2673 abhor-

77 2697 256 2756 ruerit
285 2698 662 2778 Augustinu3‚
710 2697 1036 2776 Pelagianae
1065 2697 1346 2754 haereseos
1367 2694 1676 2753 acerrimus
1697 2714 1806 2774 op-

79 2795 396 2857 pugnator,
439 2799 510 2838 ex
539 2779 736 2838 multis
774 2777 943 2858 ipsius
972 2795 1216 2855 operum
1257 2775 1398 2835 loeis
1438 2790 1695 2855 apparea·
1740 2791 1808 2835 ut

80 2859 181 2918 lib.
221 2859 294 2918 de
333 2858 547 2939 Spiritu
584 2859 644 2918 &
688 2859 875 2930 literiu,
922 2878 1048 2937 cap.
1080 2857 1137 2916 ii.
1179 2857 1240 2915 &
1269 2857 1367 2917 lib.
1418 2855 1489 2916 de
1515 2854 1715 2916 naturai
1743 2855 1807 2914 δε
1850 2887 1855 2891 -

76 2939 266 3020 gratia
309 2955 510 2999 contra
540 2941 662 2999 Pel.
700 2961 826 3021 cap.
855 2939 974 3000 xlii.
1008 2957 1109 3014 50,
1158 2938 1256 3008 60,
1300 2938 1363 2996 δε
1408 2938 1501 3014 63.
1546 2938 1616 2996 de
1637 2936 1807 3016 gestis

79 3020 304 3080 concilii
347 3019 652 3092 Palaestini,
697 3041 823 3102 cap.
868 3020 962 3079 vii.
1003 3020 1066 3077 ὅτ,
1100 3019 1175 3079 xi.
1219 3019 1281 3078 δε
1320 3020 1391 3077 de
1432 3033 1669 3099 peccato
1691 3018 1806 3076 ori-

78 3100 276 3181 ginali,
324 3101 423 3161 lib.
486 3120 540 3162 2.
585 3122 709 3181 cap.
749 3102 826 3162 xi.
912 3098 1172 3160 Gelafius
1229 3108 1423 3160 autem
1488 3098 1546 3158 in
1592 3097 1803 3177 dispun

81 3194 282 3243 contra
316 3182 519 3262 Pelag.
600 3185 696 3244 Sin
735 3184 869 3244 verb
915 3183 1165 3262 quispiam
1193 3181 1429 3261 (inquit)
1464 3200 1565 3240 non
1594 3179 1804 3258 poffibi-

83 3260 235 3326 litate
258 3263 546 3347 facultatis
573 3264 837 3339 humana,
864 3263 965 3345 de
988 3278 1093 3405 {fr
1125 3266 1362 3343 gratiam
1403 3260 1805 3421 diwnamffhqc

1086 3363 1129 3416 4
1293 3391 1296 3394 .
1615 3362 1650 3400 a
1692 3351 1810 3403 erat
