2086 3640
342 92 441 154 'De
480 88 758 167 Mmstris
798 85 869 150 δέ
901 85 1212 165 Pastorihus
1241 83 1504 164 Ecclqfiae‚
1671 105 1701 144 2
1710 108 1784 165 33

71 201 324 287 pastores
367 197 576 276 absque
617 193 778 256 omni
802 192 1011 252 divinae
1037 191 1352 262 voluntatis
1380 206 1544 253 certo
1585 189 1796 251 afl'ensu

24 306 26 308 ·
68 285 279 349 habere
324 294 579 362 oportet,
651 278 788 336 cum
827 294 930 334 nec
969 275 1274 345 internam,
1335 294 1440 334 nec
1496 289 1797 333 externam

3 392 7 395 ⁷
66 364 332 444 regulam
373 359 480 420 hac
520 359 576 419 in
619 377 680 416 re
719 356 1078 422 habeamus·,
1121 355 1279 436 quod
1318 357 1471 415 enim
1499 353 1818 434 Scriptura

68 447 127 507 in
158 446 267 505 hoc
314 440 552 522 negotio
590 436 731 502 nihil
771 435 912 496 certi
952 436 1316 507 determinet,
1361 436 1630 498 haEtenus
1653 432 1797 495 thesi

70 526 236 593 tertia
265 524 336 583 de
355 520 660 603 Scripturis
687 516 1050 578 ostendimus.

153 611 467 688 QARTO‚
528 601 782 661 declarat
834 618 932 657 eos
959 647 964 654 .
993 618 1193 657 omnes
1251 599 1506 660 Christus
1531 602 1690 679 fures
1727 594 1820 658 &-

71 688 307 752 latrones
341 686 452 765 effi’,
517 686 607 764 qui
641 698 745 761 per·
789 680 973 756 ostium
1017 682 1075 740 in
1111 678 1252 739 ovile
1286 702 1389 741 non
1423 684 1656 752 intrant,
1706 678 1809 758 fied

72 769 250 848 aliquo
286 767 393 826 alio
435 766 598 835 mode,
643 783 764 845 quos
803 760 992 823 audire
1038 782 1139 820 non
1169 761 1350 821 debent
1384 782 1543 821 oves:
1587 761 1681 821 sed
1701 759 1805 841 qui

73 850 292 909 intrant
319 847 528 926 absque
561 843 862 905 vocatione
883 840 945 900 &
965 859 1131 902 motu
1148 842 1394 921 Spiritus
1423 844 1655 915 Christi,
1687 860 1807 920 quo

73 930 238 990 ducit
276 930 401 988 suos
444 928 503 986 in
542 925 831 994 omnibu3,
877 923 1031 983 certe
1059 943 1180 983 non
1221 944 1324 1002 per
1348 923 1665 995 Christum,
1706 921 1807 1003 qui

78 1011 292 1071 ostium
332 1008 435 1080 est,
482 1008 715 1077 intrant,
779 1003 873 1064 sed
900 1004 1096 1084 aliquo
1133 1004 1249 1065 alio
1297 1005 1527 1076 ιῃοάο,1
1565 1004 1809 1084 ideoque

76 1092 203 1167 veri
245 1090 498 1169 pastores
534 1109 653 1150 non
692 1086 836 1147 sunt.

163 1171 327 1235 VIII.
371 1172 500 1236 HIS.
541 1168 807 1230 omnibus
845 1168 1090 1248 objiciunt
1115 1168 1515 1227 succeffionem
1537 1165 1810 1237 ecclefiae‚

79 1254 348 1323 dicenteS,
392 1251 573 1333 quod,
619 1251 755 1310 curn
799 1249 1057 1309 Christus
1099 1249 1400 1329 Apostolis
1433 1247 1496 1306 δε
1530 1246 1818 1327 discipulis

79 1335 188 1396 suis
213 1333 580 1396 vocationem
607 1330 851 1402 dederit,
895 1326 983 1395 illi
1025 1331 1170 1398 hanc
1210 1330 1576 1391 vocationem
1604 1329 1816 1389 succes-

80 1416 301 1476 soribus
341 1413 447 1472 suis
488 1412 912 1483 transmiserint,
958 1413 1058 1492 qui
1087 1413 1300 1472 habent
1334 1411 1676 1493 potestatem
1719 1431 1817 1470 or-

83 1497 316 1556 dinandi
363 1495 617 1575 pastores
657 1494 721 1555 &‚
752 1493 1041 1564 ἁοᾶοῑεε,
1100 1493 1211 1573 qua
1254 1494 1540 1573 potestate
1564 1491 1822 1553 authori·

85 1591 173 1638 ta‘s
228 1576 527 1636 ordinandi
573 1576 634 1633 δε
690 1574 1068 1634 constituendi
1114 1575 1400 1634 ministros
1449 1575 1512 1632 δε
1566 1574 1822 1655 pastores

88 1657 389 1726 succeffive
429 1657 504 1716 ad
541 1676 645 1715 nos
673 1655 1095 1726 transmittitur,
1140 1655 1220 1715 ita
1268 1672 1355 1727 ut,
1421 1658 1521 1736 qui
1553 1657 1822 1729 ordinan-

91 1755 191 1801 tur
231 1739 294 1795 &
338 1753 621 1797 vocantur
648 1735 679 1794 Ξι
728 1735 1059 1795 Pastoribus
1099 1737 1369 1807 ecclefiae,
1413 1736 1537 1802 veri
1580 1738 1643 1797 ὅτ
1686 1736 1823 1815 justi

92 1818 333 1881 ministri
379 1817 510 1890 fint,
552 1818 614 1875 δε
641 1816 759 1888 alii,
791 1817 889 1898 qui
923 1838 1039 1876 non
1067 1818 1147 1876 ita
1173 1834 1474 1889 vocantur,
1522 1820 1826 1881 intrusores

92 1899 342 1962 habendi
379 1899 506 1959 sint.
589 1899 753 1958 Huic
800 1899 975 1958 etiam
1006 1898 1240 1979 quidam
1292 1901 1677 1961 Protestantes
1725 1902 1824 1960 ad—

0 2023 1 2026 *
94 1983 240 2041 dunt
275 1983 681 2052 neceffitatem,
726 1979 862 2040 licet
904 2001 1021 2039 non
1062 1981 1218 2060 quast
1263 1982 1479 2062 aliquid
1522 1983 1825 2053 essentiale,

95 2063 276 2142 quod,
323 2078 535 2141 praeter
569 2062 716 2121 hanc
754 2060 1007 2121 ecclefiae
1027 2066 1414 2134 vocationem,
1459 2065 1832 2144 unusquisque

97 2160 335 2203 vocatus
365 2144 574 2202 habere
601 2142 812 2202 debeat
849 2142 1128 2203 internam
1169 2144 1410 2223 Spiritus
1438 2146 1828 2216 vocationem,

100 2225 267 2295 illum
304 2224 379 2283 ad
423 2244 570 2303 opus
597 2223 1012 2290 inclinantem3
1057 2224 1151 2283 sed
1172 2226 1284 2284 hoc
1322 2225 1532 2286 volunt
1577 2229 1684 2287 effe
1726 2248 1834 2308 per

103 2304 500 2386 operationem
525 2305 716 2364 solum
758 2305 1152 2382 subjectivam,
1198 2328 1313 2366 non
1342 2308 1713 2388 objectivam,
1760 2309 1834 2367 de

103 2408 223 2466 quo
250 2385 434 2466 supra.
520 2387 676 2464 Rff.
719 2387 904 2470 Qod
941 2388 1014 2446 ad
1042 2387 1205 2459 illud,
1270 2390 1434 2469 quod
1472 2390 1836 2470 subjungitur

104 2469 178 2528 de
207 2467 422 2528 interna
446 2466 685 2546 Spiritus
712 2468 1042 2540 vocatione,
1075 2489 1209 2528 cum
1226 2491 1342 2531 non
1371 2470 1652 2531 effentiale
1679 2493 1836 2531 verae
1877 2466 1885 2472 ’

107 2549 396 2610 vocationi
413 2547 693 2627 judicent,
737 2548 833 2607 sed
855 2552 1264 2610 tantummodo
1293 2553 1432 2632 quid
1459 2551 1616 2631 quafi.
1646 2554 1839 2633 super-

111 2630 527 2711 erogatorium‚
599 2630 730 2688 inde
758 2645 940 2709 patet,
985 2652 1161 2709 quam
1193 2632 1395 2691 leviter
1426 2632 1483 2691 id
1525 2635 1836 2706 transeunt,

114 2714 272 2782 cum,
316 2730 462 2789 quos
501 2710 577 2770 ad
605 2711 976 2770 ministerium
1007 2712 1344 2784 admittunt,
1388 2713 1446 2771 in
1474 2716 1845 2776 examinatio.

115 2790 307 2861 nibuS,
345 2813 485 2851 num
514 2792 659 2852 hanc
680 2792 927 2852 habeant
948 2812 1143 2861 necne,
1176 2814 1290 2852 non
1320 2795 1694 2876 interrogent.
1740 2799 1841 2871 Et,

115 2873 253 2952 quia
274 2870 437 2950 hujus
475 2872 623 2951 saepe
653 2872 872 2931 mentio
893 2871 1042 2931 fasta
1083 2872 1169 2944 fit,
1216 2876 1533 2954 praesertirn
1579 2879 1607 2936 a
1643 2879 1848 2960 primi-

118 2955 248 3016 tivis
286 2951 738 3015 Protestantibus
767 2951 824 3010 in
864 2952 969 3011 suis
1010 2952 1118 3012 hac
1147 2954 1216 3014 de
1254 2977 1314 3015 re
1337 2958 1690 3031 tractatibus,
1717 2960 1848 3022 inde}

118 3033 323 3103 saltem
351 3049 533 3115 patet,
579 3049 856 3113 quantum
885 3034 1099 3092 secreto
1128 3037 1475 3098 conscientiis
1504 3042 1750 3102 conviffi
1791 3066 1851 3103 e-

123 3133 275 3187 rant,
339 3117 483 3176 hanc
524 3114 804 3174 internam
849 3114 1092 3194 Spiritus
1129 3119 1494 3179 vocationem
1523 3121 1681 3183 fuiffe
1718 3145 1851 3204 per·

121 3196 519 3266 excellentem,
542 3195 863 3274 caeterisque
885 3196 1150 3257 omnibus
1170 3202 1618 3280 praeponendam
1646 3231 1663 3271 3
1694 3205 1864 3265 ideo-s

110 3286 240 3359 sque
267 3277 323 3345 in
343 3276 724 3360 nobilioribus
746 3277 807 3338 &
835 3276 1075 3342 heroicis
1106 3279 1523 3348 reformationis
1546 3285 1684 3347 actis
1706 3287 1855 3347 hanc

1750 3366 1854 3430 fibi
