2086 3640
727 89 818 155 De
867 87 1151 171 Baptismo'.
1663 89 1830 166 3614

144 205 201 266 L
223 201 279 263 E
302 201 369 262 X
394 200 531 262 enim
571 195 642 263 ἐξ
670 192 854 280 regula
895 196 1208 275 Judaeorum
1243 191 1346 269 fieb
1387 191 1564 249 veteri
1597 192 1799 268 fudere

40 300 285 348 externa
310 295 446 354 erat,
493 280 712 360 lapideis
744 277 942 340 tabulis
970 277 1039 340 δέ
1054 276 1269 355 scriptis
1309 270 1686 332 membranulis
1715 275 1801 330 in-
1827 316 1830 319 -

18 397 23 400 ·
52 370 189 448 fita,
234 369 459 426 externis
471 365 701 442 scriptis.
782 359 873 418 Sic
894 359 1066 417 etiam
1090 356 1170 415 est
1191 350 1646 414 adversariorum
1671 351 1802 411 Lex

70 449 134 507 &
173 448 391 527 regula.
473 444 577 504 Sed
614 443 700 502 lex
734 443 862 501 novi
893 439 1115 519 fiederis
1154 437 1225 514 est
1263 438 1495 506 interna,
1541 432 1686 494 cordi
1712 435 1817 492 in«

58 533 176 609 fita
224 529 293 589 &³
342 529 595 604 inscripta
629 548 650 590 ·,
695 520 772 580 fic
811 520 896 588 estv
919 520 1130 579 nostra.

161 610 424 686 JUDAE
435 607 625 665 ORU
626 606 714 664 M
746 601 915 662 cultus
964 613 1206 663 externus
1254 610 1374 659 erat
1423 597 1493 660 ὅ*
1541 592 1806 667 carnalis,

77 693 232 750 certis
272 689 603 766 temporibus,
648 684 764 744 locis
806 683 876 744 ἑὸ)
915 684 1147 760 perfinis
1187 680 1465 750 limitatus,
1513 678 1581 740 δέ
1622 676 1806 757 secun.-

79 772 203 831 dum
230 784 400 829 certas
420 769 755 846 praescriptas
775 766 988 844 formas
1008 763 1078 825 {9⁹
1100 761 1479 841 observat-iones
1508 766 1762 838 peraHus
1784 783 1809 826 3

81 852 208 910 talis
240 851 320 910 est
363 847 810 909 adversariorum
853 846 1057 905 cultus,
1142 842 1247 902 Sed
1282 842 1448 902 cultus
1489 844 1615 901 novi
1641 839 1812 918 faede-

80 938 159 992 ris
200 953 288 992 nec
327 930 637 1009 temporibus
664 931 833 997 certis,
880 947 971 986 nec
1010 925 1133 984 locis
1160 946 1249 984 nec
1269 923 1498 1003 perfhnis
1521 923 1810 993 limitatur,

68 1014 170 1092 sed
213 1017 268 1073 in
307 1015 511 1092 Spiritu
539 1010 609 1071 &⁷
637 1013 840 1068 virtute
868 1010 1174 1089 peragitur,
1220 1027 1322 1064 non
1356 1004 1641 1083 secundum
1659 1019 1817 1081 pra-

69 1098 302 1174 scriptas
340 1096 572 1174 formas,
623 1090 720 1170 sed
755 1092 898 1168 ficut
952 1090 1181 1166 Spiritus
1223 1087 1316 1146 dat
1359 1106 1512 1166 agere
1559 1085 1629 1145 δέ
1680 1084 1819 1161 loqui

87 1178 306 1236 motibus
338 1174 407 1237 ἐξ
449 1173 606 1233 dueta
637 1174 765 1253 ejus,
815 1171 941 1249 five
987 1189 1165 1238 orare,
1194 1169 1323 1247 five,³
1342 1166 1658 1244 praedicare,
1688 1165 1823 1242 fivc?

89 1270 351 1320 cantares,
393 1255 456 1312 ὅτ
487 1253 612 1312 talis
657 1252 828 1314 etiam
859 1252 940 1311 est
979 1250 1165 1309 cultus
1195 1248 1406 1308 noster.

168 1339 207 1395 S
230 1337 270 1395 I
283 1336 330 1394 C
369 1338 526 1394 etiam
552 1335 832 1412 baptismus
871 1336 1027 1392 inter·
1048 1330 1265 1409 Judceos
1286 1330 1386 1409 sub
1417 1330 1557 1408 Lege
1583 1338 1702 1387 erat
1726 1347 1822 1386 ex-

86 1432 242 1480 terna
298 1417 496 1477 ablutio
546 1417 689 1496 aqud
748 1414 971 1474 externa
1005 1413 1179 1493 solum
1228 1411 1302 1471 ad
1327 1409 1682 1491 figurandam
1722 1407 1819 1468 vel

72 1498 779 1580 fignificandaminternam
809 1497 1233 1574 purificationem
1270 1496 1485 1562 auium,
1531 1512 1690 1571 quam
1717 1510 1822 1549 non

98 1581 372 1660 necffzrib
418 1578 835 1658 affl’quebantur,
896 1581 982 1656 qui
1031 1580 1110 1634 ita
1158 1577 1423 1652 baptizati
1449 1582 1654 1637 erant3
1700 1572 1829 1630 talis

98 1662 271 1721 etiam
312 1659 393 1718 est
434 1658 888 1718 adversariorum
921 1660 991 1717 ba
1040 1657 1248 1715 tismUS.
1293 1655 1395 1714 Sed
1420 1658 1601 1714 unicus
1630 1653 1833 1731 Christi

102 1745 381 1820 baptismus
413 1741 514 1818 fieb
555 1739 852 1820 Evangelio
892 1741 962 1816 est
996 1678 1285 1816 {aptismus
1317 1736 1547 1814 Spiritus
1577 1735 1645 1796 &
1675 1738 1829 1817 ignis,

0 1873 2 1876 ,
99 1842 202 1884 mn
247 1822 443 1881 ablutio
470 1821 707 1901 sbrdium
733 1823 930 1891 carnis,
962 1820 1062 1898 sed
1085 1821 1228 1879 bonae
1268 1819 1581 1897 conscientiae
1603 1819 1831 1897 confefflo

0 1912 1 1916 ’
101 1927 228 1984 erga
268 1905 486 1968 Deum,
548 1902 674 1961 talis
710 1901 790 1960 est
821 1902 1152 1980 baptismUS,
1214 1919 1330 1979 quo
1373 1898 1659 1978 baptizari
1701 1920 1839 1958 ave-

105 2006 251 2054 mm,
295 1985 356 2042 Sc
395 2004 505 2062 pro
544 2003 661 2062 quo
692 1981 1101 2051 contendimus,

189 2066 322 2123 VII.
370 2066 770 2133 PRAETEREA,
818 2062 858 2120 fi
895 2062 1208 2141 baptismus
1231 2080 1397 2140 aquae
1425 2060 1612 2120 fuiffet
1641 2061 1832 2122 Evan-

108 2146 245 2228 gelii
295 2144 589 2215 instituti0‚
636 2160 774 2203 tunc
814 2144 886 2202 ad
927 2163 1058 2202 eum
1102 2142 1617 2202 administrandum
1649 2145 1839 2205 miffus

107 2227 295 2287 fuisset
343 2226 554 2286 Paulus
595 2225 967 2305 Apostolus·‚
1013 2226 1104 2284 sed
1151 2224 1262 2302 ipse
1310 2224 1513 2285 diserte
1557 2226 1834 2299 affirmat,

120 2331 143 2368 1
183 2309 321 2370 Cor.
351 2307 386 2366 i.
424 2325 516 2385 17.
545 2308 686 2386 quhd
724 2308 963 2384 Christus
991 2328 1088 2366 non
1112 2309 1305 2386 miserit
1330 2327 1445 2366 eum
1478 2308 1836 2384 baptizatum,

98 2390 197 2471 sed
237 2387 679 2468 evangelizatum.
745 2388 1178 2467 Consequentiae
1209 2388 1356 2447 ratio
1400 2389 1600 2468 negari
1628 2410 1840 2467 nequa,-

114 2490 290 2549 quam
319 2470 526 2548 potest,
572 2468 705 2549 quia
740 2490 855 2529 non
886 2469 1094 2539 minor,
1141 2469 1317 2548 quum
1341 2485 1703 2538 caeterorum,
1736 2469 1846 2530 fuit

118 2550 288 2611 Pauli
328 2549 699 2616 commiffi03
744 2551 822 2617 δε,
867 2553 1000 2609 cum
1042 2550 1267 2629 speciali
1289 2550 1467 2609 modo
1496 2549 1666 2609 fuerit
1688 2551 1845 2610 Gen-

118 2631 305 2691 tilium
337 2630 674 2710 Apostolus,
720 2630 762 2689 fi
806 2630 1116 2710 baptismus
1146 2652 1332 2710 aquae,
1378 2647 1444 2690 ut
1491 2631 1845 2691 contendunt

123 2711 443 2788 adversarii,
488 2713 623 2770 effet
650 2711 1083 2771 Christianitatis
1115 2710 1362 2792 iignum,
1410 2727 1545 2770 tunc
1585 2713 1765 2794 magis
1795 2714 1845 2772 ei

124 2813 271 2870 opus
304 2791 512 2860 'fuiffet‚
557 2792 631 2851 ad
666 2792 1077 2872 baptizandum
1119 2791 1264 2871 aquit
1306 2792 1475 2862 mitti,
1522 2809 1586 2851 ut
1606 2794 1846 2873 gentiles

127 2873 425 2932 conversos
467 2872 569 2931 illo
611 2872 772 2953 figno
803 2871 1064 2951 signaret.
1146 2872 1254 2930 Sed
1274 2873 1503 2953 quidem
1533 2895 1668 2934 vera
1699 2875 1848 2934 ratio

127 2953 316 3012 multo
358 2956 541 3032 magis
574 2967 771 3018 tenet·‚
814 2973 946 3012 nam
970 2956 1103 3012 cum
1137 2953 1347 3014 Paulus
1379 2955 1652 3014 Gentium
1678 2958 1847 3035 Apo-

127 3033 303 3093 stolus
342 3032 532 3104 fuerit,
579 3032 639 3090 ὅτ
680 3033 735 3094 in
767 3033 1074 3092 ministerio
1111 3034 1231 3105 sUO,
1278 3051 1342 3095 ut
1384 3056 1485 3115 per
1509 3057 1706 3095 omnes
1728 3036 1849 3096 suas

126 3114 389 3194 epistolas
411 3129 592 3192 patet,
640 3114 930 3174 laboraret
960 3135 1059 3174 eos
1083 3115 1116 3173 21
1151 3116 1405 3192 Juda'icis
1436 3117 1764 3176 ceremoniis
1786 3119 1848 3176 &

128 3194 614 3255 observationibus
644 3194 947 3264 abducere,
995 3196 1130 3256 licet
1162 3196 1238 3255 ita
1261 3197 1516 3257 faciendo
1542 3198 1847 3277 aliquando

126 3275 470 3356 displicuerit
512 3275 632 3336 aliis
683 3274 849 3356 ipsius
885 3277 1175 3349 fratribus,
1222 3279 1320 3359 qui
1368 3299 1459 3340 eas
1502 3281 1848 3340 ceremonias

1564 3361 1849 3441 deponere
1908 3394 1920 3406 =
