2086 3640
283 119 374 229 De
398 146 669 208 Commun.
693 143 764 208 &³
794 145 1008 210 Partic.
1038 155 1180 221 corp.
1219 136 1291 201 Es?
1325 138 1482 226 sang.
1514 136 1734 219 Christi.
1801 160 1921 226 395

179 255 285 336 ejus
324 254 469 333 usum
502 250 729 319 attinet,
771 247 1046 309 haetenus
1072 245 1297 308 distum
1323 243 1431 322 est)
1469 262 1612 304 num
1642 243 1828 306 adhuc
1856 247 1930 309 fit

169 352 491 414 permanens
519 334 811 413 institutum
851 329 908 389 in
931 327 1186 399 ecclelia,
1230 326 1500 387 omnibus
1537 325 1872 387 incumbens
1907 355 1928 396 ς

182 411 303 475 imo
363 434 507 477 num
569 411 806 495 quidem
849 410 1134 491 neccffzria
1174 408 1358 490 aliqua
1389 425 1528 486 pars
1581 406 1755 467 cultds
1803 413 1933 470 novi

169 496 387 579 faederis
427 495 515 567 fit,
559 512 660 556 aut
681 512 823 555 nurn
859 494 1044 552 melius
1079 493 1311 573 magzsve
1345 489 1582 581 obligans
1602 488 1932 573 fundamen-

181 591 294 638 tum
314 579 546 651 habeat,
589 574 768 658 quam
807 573 936 634 aliae
969 572 1311 634 ceremoniae
1348 570 1643 641 inst1tutae‚
1690 570 1931 631 eodem-

182 679 298 737 que
338 676 606 739 tempore
686 654 910 725 eraetae,
973 673 1115 734 quas
1162 651 1618 719 adversariorum
1673 651 1937 733 plerique

182 738 437 801 fatentur
467 738 609 799 cessa
655 759 709 810 e,
757 735 821 795 ὅτ
849 734 1180 796 Christianis
1228 733 1403 795 hodie
1443 733 1682 794 minime
1711 734 1939 794 incum-

186 821 340 881 bere.
426 820 461 855 *
493 822 586 880 De
614 821 722 881 hac
742 815 1067 889 ceremonia
1088 815 1388 897 Scriptura
1411 816 1769 875 mentionem
1797 814 1939 878 facit

187 900 333 961 locis
423 917 656 972 uatuor,
708 896 930 978 nempe
972 896 1031 957 in
1072 897 1258 959 tribus
1307 897 1711 977 Evangelistisz,
1777 897 1839 956 &
1874 897 1935 958 in

186 983 395 1064 Episto
422 983 454 1043 a
511 980 679 1044 Pauli
725 980 799 1041 ad
847 978 1196 1043 Corinthios.
1280 978 1341 1040 Si
1383 978 1510 1061 quis
1550 976 1581 1035 a
1634 977 1934 1060 frequente

188 1064 482 1126 mentione
519 1060 740 1146 aliquid
794 1058 1003 1122 inferre
1043 1076 1297 1141 putaret,
1358 1060 1476 1120 hoc
1536 1058 1677 1119 nihil
1737 1059 1935 1132 addet,

188 1148 327 1206 cum
355 1145 511 1206 enim
533 1144 606 1206 fit
645 1163 733 1202 res
772 1142 955 1224 gesta,
1000 1141 1131 1202 ideo
1166 1163 1297 1201 earn
1337 1136 1703 1200 declararunt
1740 1138 1940 1200 Evan-

186 1227 451 1307 gelistae·‚
499 1226 561 1286 ὅτ
600 1224 714 1286 alia
749 1225 880 1285 sunt
927 1223 1116 1283 minus
1163 1219 1592 1291 memorabilia,
1640 1240 1776 1301 quae
1817 1240 1938 1280 non

188 1307 377 1367 minus
417 1306 745 1389 frequenter
782 1305 993 1385 scripta
1030 1303 1411 1365 inveniuntur.
1499 1302 1826 1363 Matthaeus
1872 1302 1938 1362 &

189 1389 433 1451 Marcus
473 1386 843 1448 solummodo
905 1390 988 1446 rei
1019 1388 1177 1466 gesta>
1223 1386 1593 1447 narrationem
1643 1384 1935 1464 praebent,

187 1469 331 1531 nullo
376 1471 552 1532 addito
592 1482 861 1549 pracepto
900 1467 978 1529 ad
1011 1470 1092 1527 ita
1137 1467 1411 1550 agendum,
1455 1464 1551 1525 sed
1599 1461 1939 1545 fimpliciter

188 1551 508 1623 declarant,
571 1553 759 1630 Jesum
817 1573 874 1612 eo
919 1563 1148 1627 tempore
1192 1548 1464 1629 tradidiffi'
1504 1550 1571 1609 iis
1619 1563 1819 1625 panem
1866 1545 1947 1607 ad

191 1633 464 1704 edendum,
511 1634 580 1696 {9³
623 1637 811 1693 vinum
853 1630 930 1691 ad
961 1630 1252 1691 bibendum.
1338 1631 1532 1692 Lucas
1560 1646 1755 1689 autem
1778 1628 1942 1688 addit

192 1716 319 1775 haec
339 1717 540 1786 verba,
586 1715 678 1777 hoc
697 1716 874 1794 facite
900 1717 957 1773 in
990 1714 1295 1773 memoriam
1315 1713 1430 1771 mei.
1474 1708 1533 1769 Si
1555 1709 1701 1770 hanc
1724 1709 1940 1770 Christi

191 1817 333 1855 cum
385 1795 693 1877 Apostolis
740 1794 1031 1855 aetionem
1060 1791 1502 1863 confideremUS‚
1578 1791 1721 1854 nihil
1766 1792 1822 1850 in
1872 1812 1944 1852 ea

194 1876 481 1957 fingulare
515 1875 840 1957 apparebit,
891 1875 953 1934 &
992 1874 1181 1934 multo
1224 1880 1433 1945 mium,
1479 1873 1643 1954 quod
1669 1873 1771 1932 dat
1813 1871 1941 1933 fun-

199 1960 538 2019 damentum
598 1957 701 2018 tali
746 1957 808 2016 &
856 1955 979 2016 tam
1038 1953 1385 2035 prodigiosae
1441 1955 1937 2035 superstrueturae,

193 2061 375 2122 quam
417 2038 588 2100 multi
621 2039 679 2098 in
727 2037 888 2099 vanis
927 2035 1032 2097 suis
1073 2034 1580 2116 imaginationibus
1618 2035 1936 2116 supeream

194 2121 484 2186 aedificare
513 2118 706 2180 conati
739 2118 912 2186 sunt;
957 2137 1094 2176 nam
1136 2117 1199 2175 δε
1239 2117 1562 2180 Matthaeus
1590 2117 1653 2176 &
1697 2117 1941 2178 Marcus

194 2223 325 2266 eam
352 2201 709 2283 exprimunt,
756 2199 914 2283 quali
950 2199 1239 2259 aetionem
1267 2197 1298 2257 Ξι
1332 2198 1564 2258 Christo
1602 2198 1818 2259 faetam
1855 2201 1951 2259 in-v

196 2301 287 2343 ter
324 2283 632 2354 edendum,
694 2295 758 2343 ut
791 2281 1021 2343 ‘edebant
1055 2280 1162 2358 (ait
1209 2280 1562 2361 Matthaeus)
1602 2280 1664 2339 δι
1711 2280 1942 2342 mandu-

197 2366 435 2435 cantibus
468 2365 576 2430 illis
617 2363 700 2441 (in
742 2363 831 2424 uit
875 2364 1141 2442 Marcus)
1169 2366 1363 2441 accepit
1401 2363 1558 2442 Jefits
1584 2379 1801 2441 panem,
1824 2360 1939 2423 &c.

200 2445 326 2512 Hic
347 2447 503 2506 aetus
534 2445 677 2506 nihil
722 2444 986 2527 mgulare
1005 2459 1129 2504 erat
1158 2444 1305 2504 inter
1333 2445 1596 2522 Jud-aeOS,
1640 2461 1707 2504 ut
1730 2444 1946 2505 Paulus

201 2529 417 2587 Riccius
451 2526 567 2586 fuse
595 2526 861 2586 observat
889 2526 943 2586 in
981 2526 1165 2603 calesti
1202 2524 1296 2585 sua
1345 2526 1685 2608 agricultura
1717 2551 1735 2591 3
1780 2526 1943 2607 quia,

202 2609 439 2690 quando
475 2610 679 2688 pascha
723 2608 991 2678 edebant,
1040 2606 1450 2687 paterfamilias
1487 2606 1710 2686 accepit
1730 2626 1942 2686 panem

202 2709 272 2747 ac
313 2690 623 2761 benedixit,
661 2688 725 2748 δε
761 2688 1030 2773 frangens
1061 2686 1281 2747 caeteris
1323 2687 1634 2758 distribuit,
1677 2687 1739 2745 δε
1789 2686 1944 2747 fimi-

206 2770 338 2829 liter
366 2771 649 2851 accipiens
691 2771 895 2831 vinum
935 2769 1230 2831 benedixit
1272 2769 1333 2827 δε
1381 2767 1724 2835 distribuit·‚
1771 2768 1849 2829 ita
1877 2785 1945 2829 ut

206 2850 301 2909 hic
337 2851 419 2918 nil
450 2851 635 2931 magis
662 2867 880 2932 pateat,
926 2849 1104 2931 quarn
1144 2849 1305 2930 quod
1341 2849 1500 2929 Jesus
1530 2848 1808 2921 Christm,
1855 2855 1946 2932 qui

206 2953 404 2991 omnem
437 2935 706 3014 justitiam
746 2933 1009 3010 implevit,
1069 2931 1129 2989 &
1167 2946 1445 3011 praeterea
1473 2930 1647 2990 etiam
1699 2931 1947 3008 Judai'ca

206 3010 347 3072 festa
389 3014 737 3085 observavit,
783 3014 910 3074 usus
939 3012 1008 3071 fit
1037 3013 1143 3072 hac
1171 3010 1492 3072 ceremonia
1523 3012 1598 3071 ad
1637 3011 1947 3092 discipulos

208 3093 420 3165 solum,
464 3094 546 3166 ὅτ,
593 3109 661 3153 ut
690 3094 747 3155 in
783 3094 1068 3176 plerisque
1102 3094 1247 3164 aliis,
1279 3092 1569 3158 laboravit
1605 3093 1826 3152 animos
1846 3115 1942 3154 eo-

208 3194 340 3242 rum
382 3174 455 3235 ad
491 3175 826 3236 sublimiora
866 3174 1072 3235 ducere
1110 3199 1129 3242 ς
1196 3174 1271 3235 fic
1326 3174 1503 3236 etiam
1547 3173 1607 3235 in
1655 3172 1818 3255 hujus
1862 3176 1947 3237 rei

1840 3257 1938 3316 usu

269 3442 305 3509 3
334 3444 514 3503 matth,
531 3443 665 3501 xxvi.
688 3445 769 3512 26,
799 3446 958 3513 Marc.
977 3444 1075 3498 xiv·
1093 3419 1178 3501 220*
1195 3442 1311 3498 Luc.
1336 3442 1453 3497 xxii.
1479 3453 1555 3504 14·
1576 3448 1600 3507 ξ
1625 3442 1744 3495 Cor·
1767 3441 1832 3494 xi,
1856 3453 1937 3503 23·
