2086 3640
794 122 887 185 De
926 121 1113 185 Cuctu.
1714 145 1832 209 295

100 228 503 291 conventiones
549 228 623 290 ad
649 227 844 290 Deum
882 228 1192 289 colendum
1232 225 1598 308 impedirent,
1641 232 1834 295 testari

102 311 358 391 possunt)
412 311 474 371 &
522 313 657 373 cum
706 330 819 371 con
866 326 1162 390 regantur,
1207 306 1632 391 uniuscujusque
1685 331 1835 393 opus

99 392 209 451 effe
245 394 435 465 debet,
482 393 612 453 Deo
651 407 809 452 atten
851 410 967 461 ere,
1009 390 1092 462 ὅτ,
1157 411 1231 451 ex
1270 391 1520 471 propriis
1566 393 1834 473 cogitati-

100 473 306 535 onibus
333 475 395 534 &
431 470 933 555 imaginationibus
962 471 1335 551 egredienteS‚
1381 474 1472 533 vel
1501 493 1593 533 eas
1638 474 1833 553 potiuS

100 575 173 613 ex
213 555 267 614 se
302 556 596 636 pellentes,
643 553 756 614 Dei
793 551 1154 633 praesentiam
1182 552 1404 625 sentire,
1449 555 1513 621 ὅτ
1532 554 1590 614 in
1621 576 1833 617 nomen

99 633 219 713 ejus
263 638 457 695 revera
500 634 1014 716 congregationem
1051 634 1418 712 cognoscere,
1484 635 1586 696 ubi
1629 636 1743 716 ipse
1774 637 1832 697 in

99 715 295 775 medio
342 716 423 776 est
450 714 786 778 secundum·
835 713 1276 776 ollicitationem
1324 714 1494 794 ipsius
1529 741 1548 783 ς
1591 719 1654 779 ὅτ
1690 716 1836 778 ficut

100 796 475 878 >unusquisque
525 799 636 859 hoc
673 816 774 858 mo
815 817 853 856 o
905 813 1287 876 congregatus
1322 795 1425 866 est,
1480 797 1542 856 &
1581 798 1734 858 intus
1775 799 1832 858 in

96 876 334 956 Spiritu,
397 899 515 940 non
571 878 758 940 minus
825 897 1002 958 quam
1059 876 1219 937 extra
1272 878 1328 936 in
1369 895 1614 958 corpore
1664 875 1832 938 fimul

97 960 466 1031 conveniunt,
534 959 621 1022 ibi
662 960 874 1020 secreta
910 958 1114 1030 virtuS,
1180 957 1243 1016 &
1287 958 1371 1018 vis
1413 958 1553 1019 vitae
1582 958 1834 1019 noscitur

97 1038 353 1101 animam
409 1041 665 1114 reficere,
727 1040 790 1100 ὅτ
837 1058 1015 1120 puros
1063 1054 1277 1109 motus,
1341 1039 1404 1098 &
1441 1040 1834 1119 respirationes

99 1119 210 1180 Dei
248 1120 478 1202 spiritus
503 1122 747 1183 sentiunt
786 1139 1074 1199 emanare,
1121 1119 1150 1177 Ξι
1193 1119 1422 1198 quibuS,
1471 1119 1614 1181 ficut
1653 1123 1833 1187 verba

97 1201 518 1276 declarationi3‚
581 1202 854 1263 orationis
896 1201 990 1262 vel
1047 1199 1231 1262 laudis
1270 1202 1601 1281 exsurgunt,
1647 1203 1834 1262 cultus

97 1284 466 1362 acceptabilis
485 1284 813 1364 praestatur,
859 1303 978 1364 quo
995 1281 1227 1342 ecclelia
1248 1282 1593 1354 aedificatur,
1625 1283 1686 1342 &
1704 1284 1835 1343 Deo

95 1363 308 1443 placet,
353 1364 418 1424 ὅτ
444 1385 620 1426 nemo
657 1366 751 1425 hic
794 1365 905 1425 Dei
936 1364 1214 1446 Spiritum
1244 1363 1476 1435 limitat,
1537 1385 1644 1424 nec
1673 1386 1836 1425 com-

98 1461 324 1505 mentos
342 1446 470 1506 suos
507 1446 570 1506 ὅτ
597 1447 880 1508 εοηῆἆὶος
894 1446 1182 1506 sermones
1211 1445 1508 1525 producit,
1554 1446 1648 1505 sed
1670 1446 1836 1506 unus-

96 1524 329 1605 quisque
356 1525 501 1588 illud
544 1528 836 1608 producit,
881 1528 1038 1608 quod
1060 1526 1227 1606 ponit
1256 1525 1541 1585 Dominus
1565 1526 1620 1585 in
1643 1527 1837 1587 cordi-

97 1606 204 1680 bus
222 1626 448 1680 eorum,
479 1608 542 1667 ὅτ
561 1609 911 1690 eloquuntur
937 1629 1056 1668 non
1079 1607 1135 1667 in
1157 1607 1402 1666 hominis
1423 1607 1746 1678 voluntate,
1771 1609 1836 1671 ὅτ.

103 1684 395 1766 sapientia,
453 1689 548 1748 sed
588 1690 647 1750 in
682 1689 965 1749 evidentia
993 1690 1055 1748 &
1082 1686 1568 1748 demonstratione
1588 1689 1835 1768 Spiritus

97 1767 164 1827 ὅτ
201 1768 447 1831 virtutis
534 1770 686 1843 Imo,
732 1770 868 1831 licet
906 1791 977 1830 ne
1015 1768 1108 1830 vel
1149 1771 1395 1829 verbum
1425 1770 1835 1860 pronuncietur

96 1869 205 1908 nec
242 1851 509 1911 audiatur
541 1853 801 1924 externe,
867 1867 1062 1911 tamen
1100 1870 1265 1910 verus
1303 1850 1620 1930 Spiritualis
1647 1851 1834 1924 cultus

98 1930 405 2009 praestatur
432 1953 500 1993 ac
519 1948 838 2005 exercetur,
882 1933 945 1992 &
974 1931 1184 1992 Christi
1214 1950 1428 2011 corpus
1464 1932 1784 1991 aedificatur
1812 1957 1833 1999 3

90 2011 220 2069 imo
247 2011 399 2091 saepe
434 2014 643 2074 accidit
670 2013 919 2094 integras
970 2013 1241 2093 quasdam
1283 2011 1687 2071 conventiones
1718 2010 1834 2072 fine

96 2093 280 2152 verbo
322 2095 627 2155 transactas
674 2094 850 2167 fuisse,
897 2112 1152 2156 attamen
1182 2093 1387 2154 animae
1429 2092 1639 2152 nostrae
1670 2114 1835 2173 mag-

90 2173 317 2252 nopere
343 2174 579 2246 satiatae,
623 2175 686 2234 &
727 2177 904 2236 corda
943 2176 1086 2236 mire
1112 2176 1327 2236 secreto
1369 2174 1579 2234 divinae
1606 2173 1837 2234 virtutis

95 2253 160 2313 ὅτ
179 2253 425 2334 Spiritus
464 2256 616 2317 sensu
648 2259 867 2338 repleta
889 2256 1139 2329 fuerunt,
1186 2276 1315 2338 quae
1357 2256 1537 2315 virtus
1560 2254 1674 2314 fine
1702 2276 1835 2316 ver·

98 2334 184 2395 bis
221 2335 292 2395 de
319 2337 446 2398 vase
474 2338 530 2397 in
549 2359 650 2398 vas
686 2340 1000 2400 transmissa
1027 2338 1215 2399 fuerit.
1301 2338 1444 2397 Hoc
1464 2335 1694 2416 quidem
1726 2336 1833 2396 mi-

99 2431 232 2475 rum
278 2417 342 2476 ὅτ
382 2417 714 2486 incredibile
759 2421 840 2480 est
884 2420 1102 2480 homini
1144 2419 1301 2479 mere
1331 2417 1667 2477 naturali&
1709 2437 1832 2476 car·

97 2497 239 2570 nali,
284 2499 390 2578 qui
432 2517 600 2580 aptus
646 2502 728 2563 est
758 2500 1018 2582 judicare
1067 2519 1292 2581 tempus
1333 2519 1504 2560 omne
1545 2497 1830 2568 amifl‘um,

98 2597 222 2657 quo
282 2580 502 2660 aliquid
541 2603 658 2642 non
700 2583 921 2644 dictum
959 2582 1042 2643 est
1084 2580 1326 2641 externis
1378 2578 1619 2639 senfibus
1666 2580 1834 2638 obvi.-

99 2677 246 2726 um·,
291 2662 531 2742 ideoque
572 2663 821 2725 infistam
862 2662 1287 2744 aliquantulum]
1325 2660 1396 2719 de
1436 2661 1541 2718 hac
1565 2679 1623 2717 re
1646 2659 1828 2738 loqui,
1902 2731 1906 2733 ¹

99 2739 260 2818 quasi
290 2762 472 2814 -unuS‚
518 2744 640 2824 qui,
705 2745 863 2826 quod
904 2745 1014 2803 hoc
1058 2745 1114 2802 in
1158 2740 1393 2821 negotio
1437 2740 1644 2810 scrib0‚
1689 2740 1833 2800 illud

100 2820 256 2880 certa
286 2825 654 2903 experientia,
698 2847 815 2886 non
852 2826 1100 2884 aliorum
1124 2842 1377 2892 rumore,
1423 2821 1608 2880 scribo
1629 2820 1701 2879 de
1729 2822 1835 2881 hac

101 2901 357 2963 mirabili
402 2903 466 2962 ὅτ
501 2905 753 2985 gloriosa
790 2905 1220 2986 dispensatione,
1265 2924 1393 2984 quae
1422 2923 1492 2962 eo
1522 2902 1650 2982 plus
1691 2891 1836 2982 sapi-

98 2983 269 3043 entiae
296 2985 357 3044 ὅτ
386 2985 594 3068 gloriae
624 2986 735 3046 Dei
776 2987 972 3056 habet,
1015 3005 1134 3065 quo
1163 2984 1449 3045 contraria
1477 2984 1557 3043 est
1584 2999 1831 3057 naturae,

99 3064 414 3136 voluntati,
460 3067 523 3126 ὅτ
557 3066 842 3148 sapientiae
884 3066 1110 3146 spiritus
1145 3065 1406 3126 hominiS.

183 3146 320 3206 VII.
362 3149 590 3206 S1euT1
624 3147 765 3208 nihil
787 3149 969 3230 magis
990 3145 1325 3227 oppositum
1355 3143 1603 3206 naturali
1623 3145 1834 3210 volun-

99 3227 206 3288 tati
242 3229 304 3289 &
338 3227 628 3309 sapientiae
652 3228 902 3289 hominis
943 3230 1051 3288 esse
1072 3228 1281 3309 potest,
1327 3228 1502 3308 quam
1531 3225 1700 3287 tacite
1721 3226 1835 3286 hoc

100 3309 283 3374 modo
338 3309 470 3374 Deo
511 3310 825 3385 attendere,
885 3310 967 3372 ita
1008 3329 1119 3450 ὕες
1160 3329 1382 3390 acquiri
1413 3327 1517 3370 nec
1566 3327 1834 3448 mliipres'

1113 3412 1154 3465 4
1655 3445 1660 3448 ,
1709 3407 1836 3448 enti
