2086 3640
214 77 307 138 De
324 76 617 155 universali
644 75 1008 157 &salutifero
1037 78 1233 140 lumine
1266 81 1396 160 Jesu
1425 83 1636 168 Christi.
1714 89 1788 162 85

77 182 174 261 qui
215 181 294 241 ita
347 180 538 240 voluit
580 181 644 238 &
685 182 958 252 decrevit,
1022 184 1130 262 qua
1173 185 1355 262 magis
1393 186 1687 246 necessaria
1715 186 1791 245 se-

116 261 242 321 uela
282 263 388 321 esse
425 281 540 320 non
589 262 828 340 potest?
893 263 955 320 &
992 263 1120 322 ideo
1177 263 1307 324 lice-t
1349 266 1604 346 plerique
1632 265 1793 346 hujus

61 283 351 402 'doctrinae
389 340 790 424 praedicatores
825 345 1030 413 variaS,
1077 365 1248 413 raraS,
1315 346 1679 407 &inusitatas
1707 348 1791 407 di-

39 428 43 431 '
76 422 396 483 stinctiones
431 422 744 482 commenti
791 422 918 493 fint,
983 424 1201 502 quibus,
1231 426 1560 486 sententiam
1604 427 1795 488 defen-

74 504 293 575 derent,
337 506 398 563 &
438 502 782 563 horrendam
824 503 969 563 hanc
1018 505 1474 584 consequentiam
1502 509 1791 577 vitarent;

75 585 252 663 aliqui
289 601 496 654 tamen,
541 583 691 664 iique
722 584 1054 644 notatiffimi
1092 583 1253 661 hujus
1282 586 1570 666 dogmatis
1592 589 1796 650 autho·

74 685 181 735 re3‚
224 666 305 724 ita
345 665 499 744 plani
527 665 582 723 in
623 665 735 724 hoc
771 663 1008 746 negotio
1050 664 1298 736 fuerunt,
1342 685 1407 725 ut
1434 670 1638 748 procul
1668 692 1796 730 om—

72 744 131 804 ni
171 745 349 806 dubio
385 745 820 805 &haefitatione
848 743 1099 826 positum
1132 744 1218 814 sit,
1264 769 1333 806 cx
1361 769 1607 826 quorum
1648 749 1796 811 mul-

74 824 144 885 tis
184 826 372 906 aliqua
430 826 526 886 hic
579 827 839 886 referam.
924 826 957 859 ³¹⁵
1022 828 1157 886 Dico
1206 827 1316 886 Dei
1355 830 1677 890 ordinatione
1725 833 1795 892 ἑῇ)

71 920 204 966 nutu
252 908 453 986 lapsum
511 908 606 986 ff
649 907 844 969 Adam.
929 908 1206 966 Hominem
1264 908 1610 969 labi'voluit.
1697 917 1796 970 Vo-

72 987 209 1048 lente
249 989 316 1050 δέ
358 990 574 1070 jubente
592 989 708 1048 Deo
728 1002 1025 1050 excaecatur
1063 990 1226 1048 homo.
1316 991 1382 1049 In
1419 992 1594 1051 Deum
1622 997 1794 1070 trans-

56 1070 289 1148 ferimus
350 1069 703 1130 obdurationis
754 1071 950 1149 causas.
1032 1071 1142 1128 Dei
1188 1070 1436 1131 voluntas
1462 1073 1674 1150 summa
1721 1077 1798 1131 est

72 1149 168 1209 vel
230 1164 432 1210 remota
489 1153 645 1230 causa
705 1152 1078 1212 obdurationis.
1120 1187 1125 1190 >
1162 1154 1410 1231 Sequitur
1455 1152 1801 1230 abfionditum

72 1231 185 1290 Dei
218 1232 485 1309 confilium
539 1232 896 1293 obdurationis
936 1234 1028 1312 effi’
1074 1235 1299 1310 causam.
1385 1238 1466 1311 (a)
1508 1235 1658 1292 Deus
1698 1257 1799 1307 non

54 1310 233 1388 solum
288 1314 362 1372 ad
403 1314 812 1386 damnationem,
864 1316 963 1393 sed
998 1318 1156 1375 etiam
1198 1315 1272 1374 ad
1316 1315 1493 1393 causas
1531 1315 1798 1379 damnati-

69 1395 181 1452 onis
223 1394 623 1476 prcedestinavit
659 1397 974 1479 quoscunque
1013 1396 1242 1457 libuerit.
1330 1397 1419 1474 (b)
1464 1398 1524 1454 A
1540 1399 1799 1474 corrupti-

69 1477 182 1535 onis
213 1478 378 1553 caufis
397 1476 603 1536 excludi
621 1477 731 1537 Dei
750 1478 1010 1537 decretum
1030 1499 1130 1537 non
1144 1482 1332 1555 potest.
1366 1481 1446 1554 (c)
1469 1478 1684 1536 Certum
1705 1479 1795 1553 est,

68 1554 249 1615 Deum
271 1560 599 1634 primariam
627 1559 789 1638 fuiffl’
827 1560 980 1640 hujus
1014 1559 1368 1620 obdurationis
1417 1559 1641 1634 causam.
1688 1562 1799 1617 Re-

61 1637 280 1714 probati
307 1641 386 1698 ita
430 1643 674 1698 tenent'ur
699 1640 799 1716 sub
820 1639 929 1699 Dei
959 1641 1314 1715 omnipotentis
1341 1639 1558 1708 decret0‚
1605 1652 1662 1697 ut
1699 1661 1800 1700 non

62 1717 253 1794 poffint
292 1720 390 1796 nist
408 1735 631 1796 peccare
670 1719 738 1780 δέ
768 1722 966 1796 perire.
1052 1719 1140 1796 (d)
1184 1718 1499 1795 Nostrorum
1537 1718 1801 1786 detiorum

56 1800 319 1875 sententia
358 1802 450 1877 est,
516 1798 653 1879 quod
683 1800 830 1859 Deus
866 1803 1197 1859 tentationem
1242 1800 1309 1862 {9⁹
1352 1800 1552 1877 lapsum
1582 1800 1802 1862 hominis

71 1879 436 1957 infallibiliter
460 1880 766 1941 decreverit.
851 1879 1148 1960 Neceffario
1186 1881 1388 1959 quidem
1431 1881 1500 1941 δέ
1528 1877 1801 1961 justiffimo

70 1961 182 2019 Dei
207 1961 416 2042 judiciov
452 1974 636 2039 peccat
675 1975 939 2021 creatura.
1024 1963 1258 2040 Lapsum
1306 1963 1524 2020 hominis
1564 1984 1627 2021 ex
1664 1968 1800 2024 acci-

69 2040 241 2112 dente,
281 2043 341 2103 ob
358 2045 468 2103 Dei
486 2042 766 2114 decretum,
810 2043 1142 2122 neceffarium
1171 2042 1241 2103 ὅ
1270 2043 1626 2102 inevitabilem
1640 2046 1803 2128 fuiſje

69 2122 235 2197 nostri
261 2125 528 2200 certiffimc?
569 2123 812 2202 afferunt.
896 2128 974 2203 (e)
1016 2125 1163 2184 Deus
1204 2123 1426 2184 inclinat
1470 2125 1539 2184 δέ
1578 2128 1803 2203 impellit

71 2203 375 2265 voluntates
437 2207 716 2283 impiorum
771 2208 826 2265 in
868 2209 1072 2285 gravia
1118 2217 1353 2282 peccata.
1437 2204 1538 2284 (f)
1604 2211 1803 2269 Movet

71 2285 223 2346 Deus
269 2285 526 2346 latronem
568 2286 641 2345 ad
683 2286 1028 2346 occidendum.
1109 2287 1225 2346 Deo
1274 2285 1550 2364 impulsore
1599 2290 1799 2349 occidit.

75 2365 156 2424 At
174 2367 387 2446 inquies,
433 2374 638 2427 coaetus
657 2371 735 2427 est
755 2368 830 2427 ad
846 2366 1210 2445 peccandum3
1245 2371 1515 2445 permitto,
1560 2371 1797 2449 inquam,

71 2454 307 2512 coattum
347 2450 454 2528 ‘ff’-
540 2452 631 2527 (g)
675 2447 929 2510 Piscator
966 2449 1066 2519 ait,
1109 2450 1408 2526 reprobatos
1449 2449 1675 2526 absolute
1706 2451 1802 2510 -de-

71 2540 234 2587 cretos
280 2529 391 2609 effe,
457 2529 533 2588 ad
567 2530 820 2607 duplicem
859 2530 995 2590 hunc
1027 2531 1216 2605 finem,
1283 2542 1538 2589 aternam
1577 2531 1802 2591 damna-

71 2609 260 2674 tionem
288 2613 441 2689 pati,
480 2611 550 2674 ἐφ’
592 2612 867 2692 neceffario
899 2628 1141 2690 peccare,
1199 2610 1268 2672 &
1318 2610 1425 2669 ideo
1456 2628 1698 2690 peccare,
1742 2627 1802 2674 ut

57 2689 203 2767 just?
234 2693 553 2768 puniantur.

1013 2772 1071 2831 G
1117 2791 1147 2850 3
1719 2777 1760 2834 S
1775 2796 1796 2833 1

47 3018 52 3025 θ
141 2954 177 2988 *
209 2960 336 3006 Calv.
373 2958 422 3006 in
457 2969 549 3023 cap.
597 2974 644 3022 3.
673 2966 792 3012 Gen.
837 2962 906 3013 Id.
940 2976 984 3013 ι.
1017 2959 1120 3026 inst.
1158 2973 1249 3025 cap.
1286 2962 1362 3013 18.
1394 2962 1443 3024 §.
1481 2978 1527 3011 ι.
1558 2963 1805 3016 Jd.11·b.de

60 3021 209 3086 pred.
243 3023 313 3071 Id.
333 3022 416 3071 lib.
437 3025 492 3074 de
507 3025 682 3090 provid.
714 3028 785 3077 ld.
819 3023 929 3088 Inst.
959 3042 1048 3094 cap.
1071 3039 1150 3087 23.
1185 3032 1232 3090 §-
1260 3043 1301 3076 1.
1360 3031 1412 3076 (a
1425 3033 1450 3087 )
1479 3032 1601 3082 Beza
1631 3030 1717 3079 lib.
1747 3033 1805 3081 de

73 3086 209 3201 qnod.
269 3085 352 3147 (b)
382 3088 456 3138 Id.
485 3093 539 3141 de
568 3092 704 3156 prad.
735 3092 794 3142 ad
819 3104 907 3142 art.
931 3106 977 3144 ι.
1038 3095 1111 3151 (c)
1151 3093 1312 3142 Zanch.
1344 3093 1400 3141 de
1428 3108 1632 3144 excaecat.
1667 3109 1711 3162 q.
1755 3107 1806 3158 ς.

61 3215 66 3218 ¹
104 3152 200 3201 dem
230 3149 314 3200 lib.
360 3167 408 3214 5.
441 3153 498 3204 de
534 3173 629 3206 nat.
660 3158 758 3205 Dei
794 3169 885 3221 cap.
920 3170 967 3206 2.
1006 3159 1060 3208 de
1092 3158 1222 3222 praed.
1291 3158 1373 3217 (d)
1407 3164 1597 3218 Paraeus,
1641 3162 1724 3209 lib.
1754 3176 1805 3219 3.

79 3214 138 3263 do
161 3216 306 3290 ‘awffi
339 3218 515 3282 gratiae,
547 3233 636 3286 cap.
671 3234 720 3272 2.
753 3221 868 3271 ibit.
893 3236 985 3286 cap.
1008 3239 1052 3271 1.
1123 3225 1204 3284 (e)
1237 3226 1405 3283 Μανῆν
1447 3225 1496 3272 in
1533 3229 1657 3284 Rom.
1721 3223 1802 3287 (f)

14 3342 18 3353 Ι
83 3281 248 3394 Ξςιτπς-
281 3280 367 3333 lib.
406 3283 461 3335 de
482 3289 663 3351 provtd.
707 3299 796 3353 cap.
833 3302 880 3352 5.
944 3293 1046 3355 (g)
1076 3289 1196 3353 Resp.
1229 3288 1286 3340 ad
1323 3282 1456 3349 Vorfl·
1491 3293 1602 3342 Part
1629 3290 1672 3341 1.
1702 3306 1804 3358 pag·

15 3360 22 3376 2
147 3355 196 3393 0.
363 3385 370 3391 .
