<?xml version="1.0" encoding="UTF-8"?>
<!DOCTYPE html PUBLIC "-//W3C//DTD XHTML 1.0 Transitional//EN"
    "http://www.w3.org/TR/xhtml1/DTD/xhtml1-transitional.dtd">
<html xmlns="http://www.w3.org/1999/xhtml" xml:lang="en" lang="en">
 <head>
  <title>
</title>
<meta http-equiv="Content-Type" content="text/html;charset=utf-8" />
  <meta name='ocr-system' content='tesseract 3.04.00' />
  <meta name='ocr-capabilities' content='ocr_page ocr_carea ocr_par ocr_line ocrx_word'/>
</head>
<body>
  <div class='ocr_page' id='page_1' title='image "./theologiaeverech00barcuoft_0118.png"; bbox 0 0 2086 3640; ppageno 0'>
   <div class='ocr_carea' id='block_1_1' title="bbox 264 15 293 42">
    <p class='ocr_par' dir='ltr' id='par_1_1' title="bbox 264 15 293 42">
     <span class='ocr_line' id='line_1_1' title="bbox 264 15 293 42; baseline 0 0"><span class='ocrx_word' id='word_1_1' title='bbox 264 15 293 42; x_wconf 54' lang='grc' dir='ltr'>’θ</span> 
     </span>
    </p>
   </div>
   <div class='ocr_carea' id='block_1_2' title="bbox 268 93 1800 189">
    <p class='ocr_par' dir='ltr' id='par_1_2' title="bbox 268 93 1800 189">
     <span class='ocr_line' id='line_1_2' title="bbox 268 93 1800 189; baseline -0.001 -20"><span class='ocrx_word' id='word_1_2' title='bbox 268 119 350 189; x_wconf 83' lang='lat'>90</span> <span class='ocrx_word' id='word_1_3' title='bbox 475 103 845 166; x_wconf 68' lang='lat' dir='ltr'><em>THESJS</em></span> <span class='ocrx_word' id='word_1_4' title='bbox 887 100 1308 184; x_wconf 63' lang='lat' dir='ltr'>,QUINTA</span> <span class='ocrx_word' id='word_1_5' title='bbox 1341 99 1412 163; x_wconf 66' lang='lat' dir='ltr'>e?</span> <span class='ocrx_word' id='word_1_6' title='bbox 1452 93 1800 168; x_wconf 71' lang='lat' dir='ltr'><em>SEXTA.</em></span> 
     </span>
    </p>
   </div>
   <div class='ocr_carea' id='block_1_3' title="bbox 265 210 1987 451">
    <p class='ocr_par' dir='ltr' id='par_1_3' title="bbox 265 210 1987 451">
     <span class='ocr_line' id='line_1_3' title="bbox 269 210 1985 290; baseline 0.002 -18"><span class='ocrx_word' id='word_1_7' title='bbox 269 215 395 272; x_wconf 87' lang='lat' dir='ltr'>suos</span> <span class='ocrx_word' id='word_1_8' title='bbox 412 211 694 280; x_wconf 82' lang='lat' dir='ltr'><strong>emittere,</strong></span> <span class='ocrx_word' id='word_1_9' title='bbox 739 223 807 266; x_wconf 90' lang='lat' dir='ltr'>ut</span> <span class='ocrx_word' id='word_1_10' title='bbox 832 211 971 267; x_wconf 80' lang='lat' dir='ltr'>omni</span> <span class='ocrx_word' id='word_1_11' title='bbox 990 221 1246 269; x_wconf 81' lang='lat' dir='ltr'>creaturae</span> <span class='ocrx_word' id='word_1_12' title='bbox 1277 210 1760 290; x_wconf 85' lang='lat' dir='ltr'>evangelizarent,</span> <span class='ocrx_word' id='word_1_13' title='bbox 1794 213 1985 276; x_wconf 84' lang='lat' dir='ltr'>Mare.</span> 
     </span>
     <span class='ocr_line' id='line_1_4' title="bbox 266 288 1983 371; baseline 0.001 -18"><span class='ocrx_word' id='word_1_14' title='bbox 266 294 382 353; x_wconf 85' lang='lat' dir='ltr'>xvi.</span> <span class='ocrx_word' id='word_1_15' title='bbox 423 310 512 365; x_wconf 80' lang='lat'>15.</span> <span class='ocrx_word' id='word_1_16' title='bbox 598 288 963 358; x_wconf 79' lang='lat' dir='ltr'>CommiffiO,</span> <span class='ocrx_word' id='word_1_17' title='bbox 1008 310 1183 369; x_wconf 91' lang='lat' dir='ltr'>quam</span> <span class='ocrx_word' id='word_1_18' title='bbox 1216 290 1465 368; x_wconf 86' lang='lat' dir='ltr'>maxime</span> <span class='ocrx_word' id='word_1_19' title='bbox 1494 293 1983 371; x_wconf 88' lang='lat' dir='ltr'>comprehenfiva,</span> 
     </span>
     <span class='ocr_line' id='line_1_5' title="bbox 265 369 1987 451; baseline 0.002 -21"><span class='ocrx_word' id='word_1_20' title='bbox 265 374 299 431; x_wconf 86' lang='lat' dir='ltr'>i.</span> <span class='ocrx_word' id='word_1_21' title='bbox 333 393 379 429; x_wconf 92' lang='lat' dir='ltr'>e.</span> <span class='ocrx_word' id='word_1_22' title='bbox 419 370 720 451; x_wconf 88' lang='lat' dir='ltr'>unicuique</span> <span class='ocrx_word' id='word_1_23' title='bbox 767 369 892 428; x_wconf 90' lang='lat' dir='ltr'>filio</span> <span class='ocrx_word' id='word_1_24' title='bbox 929 370 990 428; x_wconf 76' lang='grc' dir='ltr'>δε</span> <span class='ocrx_word' id='word_1_25' title='bbox 1031 370 1170 431; x_wconf 84' lang='lat' dir='ltr'>filiae</span> <span class='ocrx_word' id='word_1_26' title='bbox 1223 371 1524 433; x_wconf 89' lang='lat' dir='ltr'>hominum</span> <span class='ocrx_word' id='word_1_27' title='bbox 1572 372 1782 451; x_wconf 83' lang='lat' dir='ltr'>absque</span> <span class='ocrx_word' id='word_1_28' title='bbox 1825 376 1987 434; x_wconf 87' lang='lat' dir='ltr'>omni</span> 
     </span>
    </p>
   </div>
   <div class='ocr_carea' id='block_1_4' title="bbox 169 448 1985 537">
    <p class='ocr_par' dir='ltr' id='par_1_4' title="bbox 169 448 1985 537">
     <span class='ocr_line' id='line_1_6' title="bbox 169 448 1985 537; baseline 0.003 -27"><span class='ocrx_word' id='word_1_29' title='bbox 169 448 171 450; x_wconf 64' lang='grc'><strong>’</strong></span> <span class='ocrx_word' id='word_1_30' title='bbox 263 451 603 531; x_wconf 81' lang='lat' dir='ltr'>exceptione</span> <span class='ocrx_word' id='word_1_31' title='bbox 630 475 646 516; x_wconf 91' lang='lat'>·‚</span> <span class='ocrx_word' id='word_1_32' title='bbox 691 450 851 525; x_wconf 75' lang='lat' dir='ltr'>iubet</span> <span class='ocrx_word' id='word_1_33' title='bbox 877 471 972 511; x_wconf 92' lang='lat' dir='ltr'>eos</span> <span class='ocrx_word' id='word_1_34' title='bbox 993 450 1231 513; x_wconf 88' lang='lat' dir='ltr'>salutem</span> <span class='ocrx_word' id='word_1_35' title='bbox 1259 453 1550 524; x_wconf 76' lang='lat' dir='ltr'>omnibuS,</span> <span class='ocrx_word' id='word_1_36' title='bbox 1582 454 1985 537; x_wconf 87' lang='lat' dir='ltr'>poenitentiam</span> 
     </span>
    </p>
   </div>
   <div class='ocr_carea' id='block_1_5' title="bbox 260 520 1986 688">
    <p class='ocr_par' dir='ltr' id='par_1_5' title="bbox 260 520 1986 688">
     <span class='ocr_line' id='line_1_7' title="bbox 263 520 1986 615; baseline 0.003 -26"><span class='ocrx_word' id='word_1_37' title='bbox 263 533 554 602; x_wconf 78' lang='lat' dir='ltr'>omn&#39;ibUS,</span> <span class='ocrx_word' id='word_1_38' title='bbox 600 520 1084 593; x_wconf 42' lang='lat' dir='ltr'>&amp;remiffionem</span> <span class='ocrx_word' id='word_1_39' title='bbox 1125 551 1499 615; x_wconf 88' lang='lat' dir='ltr'>peccatorum</span> <span class='ocrx_word' id='word_1_40' title='bbox 1542 535 1811 596; x_wconf 89' lang='lat' dir='ltr'>omnibus</span> <span class='ocrx_word' id='word_1_41' title='bbox 1836 555 1986 615; x_wconf 86' lang='lat' dir='ltr'>prae-</span> 
     </span>
     <span class='ocr_line' id='line_1_8' title="bbox 260 611 1984 688; baseline 0.003 -18"><span class='ocrx_word' id='word_1_42' title='bbox 260 611 472 684; x_wconf 87' lang='lat' dir='ltr'>dicare,</span> <span class='ocrx_word' id='word_1_43' title='bbox 517 614 783 673; x_wconf 79' lang='lat' dir='ltr'>hortantes</span> <span class='ocrx_word' id='word_1_44' title='bbox 823 636 1023 675; x_wconf 87' lang='lat' dir='ltr'>omnem</span> <span class='ocrx_word' id='word_1_45' title='bbox 1065 616 1339 688; x_wconf 84' lang='lat' dir='ltr'>hominem,</span> <span class='ocrx_word' id='word_1_46' title='bbox 1408 617 1478 678; x_wconf 54' lang='grc' dir='ltr'>ἐξ</span> <span class='ocrx_word' id='word_1_47' title='bbox 1526 617 1752 677; x_wconf 87' lang='lat' dir='ltr'>docentes</span> <span class='ocrx_word' id='word_1_48' title='bbox 1798 637 1984 676; x_wconf 84' lang='lat' dir='ltr'>unum-</span> 
     </span>
    </p>
   </div>
   <div class='ocr_carea' id='block_1_6' title="bbox 261 694 2086 781">
    <p class='ocr_par' dir='ltr' id='par_1_6' title="bbox 261 694 2086 781">
     <span class='ocr_line' id='line_1_9' title="bbox 261 694 2086 781; baseline 0.003 -28"><span class='ocrx_word' id='word_1_49' title='bbox 261 712 529 774; x_wconf 84' lang='lat' dir='ltr'>quemque,</span> <span class='ocrx_word' id='word_1_50' title='bbox 575 710 642 754; x_wconf 93' lang='lat' dir='ltr'>ut</span> <span class='ocrx_word' id='word_1_51' title='bbox 669 694 750 756; x_wconf 89' lang='lat' dir='ltr'>ait</span> <span class='ocrx_word' id='word_1_52' title='bbox 786 696 998 758; x_wconf 88' lang='lat' dir='ltr'>Paulus</span> <span class='ocrx_word' id='word_1_53' title='bbox 1026 696 1100 755; x_wconf 90' lang='lat' dir='ltr'>ad</span> <span class='ocrx_word' id='word_1_54' title='bbox 1140 697 1269 757; x_wconf 93' lang='lat' dir='ltr'>Col.</span> <span class='ocrx_word' id='word_1_55' title='bbox 1299 697 1336 757; x_wconf 88' lang='lat' dir='ltr'>i.</span> <span class='ocrx_word' id='word_1_56' title='bbox 1365 718 1485 756; x_wconf 86' lang='lat' dir='ltr'>ver.</span> <span class='ocrx_word' id='word_1_57' title='bbox 1534 702 1627 757; x_wconf 90' lang='lat'>28.</span> <span class='ocrx_word' id='word_1_58' title='bbox 1713 700 1985 781; x_wconf 77' lang='lat' dir='ltr'>Qiomo-</span> <span class='ocrx_word' id='word_1_59' title='bbox 2079 763 2086 776; x_wconf 35' lang='grc'>1</span> 
     </span>
    </p>
   </div>
   <div class='ocr_carea' id='block_1_7' title="bbox 256 774 1988 1347">
    <p class='ocr_par' dir='ltr' id='par_1_7' title="bbox 256 774 1988 1347">
     <span class='ocr_line' id='line_1_10' title="bbox 259 774 1985 860; baseline 0.004 -28"><span class='ocrx_word' id='word_1_60' title='bbox 259 774 340 834; x_wconf 91' lang='lat' dir='ltr'>do</span> <span class='ocrx_word' id='word_1_61' title='bbox 369 791 565 835; x_wconf 89' lang='lat' dir='ltr'>autem</span> <span class='ocrx_word' id='word_1_62' title='bbox 596 776 865 841; x_wconf 82' lang='lat' dir='ltr'>omnibus</span> <span class='ocrx_word' id='word_1_63' title='bbox 903 778 1219 859; x_wconf 86' lang='lat' dir='ltr'>praedicare</span> <span class='ocrx_word' id='word_1_64' title='bbox 1242 777 1625 858; x_wconf 85' lang='lat' dir='ltr'>Evangelium</span> <span class='ocrx_word' id='word_1_65' title='bbox 1654 780 1985 860; x_wconf 84' lang='lat' dir='ltr'>potuiffent,</span> 
     </span>
     <span class='ocr_line' id='line_1_11' title="bbox 262 854 1983 939; baseline 0.003 -27"><span class='ocrx_word' id='word_1_66' title='bbox 262 854 409 915; x_wconf 84' lang='lat' dir='ltr'>ficut</span> <span class='ocrx_word' id='word_1_67' title='bbox 435 856 681 919; x_wconf 87' lang='lat' dir='ltr'>decebat.</span> <span class='ocrx_word' id='word_1_68' title='bbox 709 859 995 919; x_wconf 90' lang='lat' dir='ltr'>ministros</span> <span class='ocrx_word' id='word_1_69' title='bbox 1038 859 1272 934; x_wconf 88' lang='lat' dir='ltr'>Christi,</span> <span class='ocrx_word' id='word_1_70' title='bbox 1316 859 1374 919; x_wconf 91' lang='lat' dir='ltr'>in</span> <span class='ocrx_word' id='word_1_71' title='bbox 1415 859 1769 939; x_wconf 76' lang='lat' dir='ltr'>persuasione</span> <span class='ocrx_word' id='word_1_72' title='bbox 1804 860 1983 929; x_wconf 66' lang='lat' dir='ltr'>certa,</span> 
     </span>
     <span class='ocr_line' id='line_1_12' title="bbox 257 936 1988 1020; baseline 0.003 -25"><span class='ocrx_word' id='word_1_73' title='bbox 257 936 301 995; x_wconf 86' lang='lat' dir='ltr'>fi</span> <span class='ocrx_word' id='word_1_74' title='bbox 350 937 495 997; x_wconf 87' lang='lat' dir='ltr'>salus</span> <span class='ocrx_word' id='word_1_75' title='bbox 542 958 647 1018; x_wconf 88' lang='lat' dir='ltr'>per</span> <span class='ocrx_word' id='word_1_76' title='bbox 686 939 829 1000; x_wconf 91' lang='lat' dir='ltr'>illud</span> <span class='ocrx_word' id='word_1_77' title='bbox 877 940 1266 1020; x_wconf 86' lang='lat' dir='ltr'>Evangelium</span> <span class='ocrx_word' id='word_1_78' title='bbox 1311 941 1578 1002; x_wconf 90' lang='lat' dir='ltr'>omnibus</span> <span class='ocrx_word' id='word_1_79' title='bbox 1630 962 1746 1001; x_wconf 92' lang='lat' dir='ltr'>non</span> <span class='ocrx_word' id='word_1_80' title='bbox 1802 939 1988 1000; x_wconf 82' lang='lat' dir='ltr'>fuiffet</span> 
     </span>
     <span class='ocr_line' id='line_1_13' title="bbox 259 1018 1984 1114; baseline 0.001 -37"><span class='ocrx_word' id='word_1_81' title='bbox 259 1018 581 1097; x_wconf 85' lang='lat' dir='ltr'>poffibilis?</span> <span class='ocrx_word' id='word_1_82' title='bbox 645 1022 825 1105; x_wconf 83' lang='lat' dir='ltr'>Qod</span> <span class='ocrx_word' id='word_1_83' title='bbox 869 1023 909 1082; x_wconf 88' lang='lat' dir='ltr'>fi</span> <span class='ocrx_word' id='word_1_84' title='bbox 943 1044 1014 1082; x_wconf 90' lang='lat' dir='ltr'>ex</span> <span class='ocrx_word' id='word_1_85' title='bbox 1055 1021 1119 1081; x_wconf 89' lang='lat' dir='ltr'>iis</span> <span class='ocrx_word' id='word_1_86' title='bbox 1156 1022 1358 1104; x_wconf 87' lang='lat' dir='ltr'>aliquis</span> <span class='ocrx_word' id='word_1_87' title='bbox 1399 1021 1797 1114; x_wconf 69' lang='lat' dir='ltr'>interrogafl&#39;et</span> <span class='ocrx_word' id='word_1_88' title='bbox 1830 1021 1984 1093; x_wconf 85' lang='lat' dir='ltr'>illos,</span> 
     </span>
     <span class='ocr_line' id='line_1_14' title="bbox 257 1099 1986 1185; baseline 0.001 -26"><span class='ocrx_word' id='word_1_89' title='bbox 257 1099 351 1159; x_wconf 88' lang='lat' dir='ltr'>vel</span> <span class='ocrx_word' id='word_1_90' title='bbox 400 1100 582 1161; x_wconf 72' lang='lat' dir='ltr'>hodie</span> <span class='ocrx_word' id='word_1_91' title='bbox 607 1102 993 1185; x_wconf 85' lang='lat' dir='ltr'>interrogaret</span> <span class='ocrx_word' id='word_1_92' title='bbox 1030 1104 1295 1164; x_wconf 62' lang='lat' dir='ltr'>doctores</span> <span class='ocrx_word' id='word_1_93' title='bbox 1342 1103 1470 1163; x_wconf 90' lang='lat' dir='ltr'>illos</span> <span class='ocrx_word' id='word_1_94' title='bbox 1512 1107 1635 1185; x_wconf 79' lang='lat' dir='ltr'>(qui</span> <span class='ocrx_word' id='word_1_95' title='bbox 1691 1103 1986 1162; x_wconf 88' lang='lat' dir='ltr'>Christum</span> 
     </span>
     <span class='ocr_line' id='line_1_15' title="bbox 257 1182 1987 1266; baseline 0.002 -27"><span class='ocrx_word' id='word_1_96' title='bbox 257 1199 366 1261; x_wconf 87' lang='lat' dir='ltr'>pro</span> <span class='ocrx_word' id='word_1_97' title='bbox 386 1182 653 1244; x_wconf 86' lang='lat' dir='ltr'>omnibus</span> <span class='ocrx_word' id='word_1_98' title='bbox 672 1201 969 1246; x_wconf 87' lang='lat' dir='ltr'>mortuum</span> <span class='ocrx_word' id='word_1_99' title='bbox 994 1185 1101 1245; x_wconf 88' lang='lat' dir='ltr'>effe</span> <span class='ocrx_word' id='word_1_100' title='bbox 1124 1201 1357 1266; x_wconf 84' lang='lat' dir='ltr'>negant,</span> <span class='ocrx_word' id='word_1_101' title='bbox 1378 1185 1593 1245; x_wconf 89' lang='lat' dir='ltr'>interea</span> <span class='ocrx_word' id='word_1_102' title='bbox 1607 1183 1750 1244; x_wconf 92' lang='lat' dir='ltr'>dum</span> <span class='ocrx_word' id='word_1_103' title='bbox 1769 1182 1987 1245; x_wconf 83' lang='lat' dir='ltr'>Christ-</span> 
     </span>
     <span class='ocr_line' id='line_1_16' title="bbox 256 1265 1986 1347; baseline 0.004 -28"><span class='ocrx_word' id='word_1_104' title='bbox 256 1282 357 1320; x_wconf 90' lang='lat' dir='ltr'>um</span> <span class='ocrx_word' id='word_1_105' title='bbox 395 1265 663 1325; x_wconf 90' lang='lat' dir='ltr'>omnibus</span> <span class='ocrx_word' id='word_1_106' title='bbox 706 1266 1029 1346; x_wconf 72' lang='lat' dir='ltr'>promiscue</span> <span class='ocrx_word' id='word_1_107' title='bbox 1070 1265 1413 1328; x_wconf 88' lang='lat' dir='ltr'>salvatorem</span> <span class='ocrx_word' id='word_1_108' title='bbox 1461 1265 1804 1347; x_wconf 88' lang='lat' dir='ltr'>praedicant)</span> <span class='ocrx_word' id='word_1_109' title='bbox 1843 1285 1986 1326; x_wconf 88' lang='lat' dir='ltr'>num</span> 
     </span>
    </p>
   </div>
   <div class='ocr_carea' id='block_1_8' title="bbox 258 1343 2086 1432">
    <p class='ocr_par' dir='ltr' id='par_1_8' title="bbox 258 1343 2086 1432">
     <span class='ocr_line' id='line_1_17' title="bbox 258 1343 2086 1432; baseline 0.002 -31"><span class='ocrx_word' id='word_1_110' title='bbox 258 1343 517 1403; x_wconf 87' lang='lat' dir='ltr'>Christus</span> <span class='ocrx_word' id='word_1_111' title='bbox 553 1367 664 1425; x_wconf 88' lang='lat' dir='ltr'>pro</span> <span class='ocrx_word' id='word_1_112' title='bbox 708 1366 801 1407; x_wconf 88' lang='lat' dir='ltr'>me</span> <span class='ocrx_word' id='word_1_113' title='bbox 830 1365 1093 1409; x_wconf 92' lang='lat' dir='ltr'>mortuus</span> <span class='ocrx_word' id='word_1_114' title='bbox 1134 1349 1266 1409; x_wconf 86' lang='lat' dir='ltr'>est?</span> <span class='ocrx_word' id='word_1_115' title='bbox 1334 1348 1536 1432; x_wconf 72' lang='lat' dir='ltr'>Qam</span> <span class='ocrx_word' id='word_1_116' title='bbox 1586 1363 1810 1407; x_wconf 90' lang='lat' dir='ltr'>certum</span> <span class='ocrx_word' id='word_1_117' title='bbox 1855 1347 1988 1406; x_wconf 89' lang='lat' dir='ltr'>huic</span> <span class='ocrx_word' id='word_1_118' title='bbox 2083 1387 2086 1390; x_wconf 26' lang='grc' dir='ltr'><strong><em>ι</em></strong></span> 
     </span>
    </p>
   </div>
   <div class='ocr_carea' id='block_1_9' title="bbox 252 1425 1992 1912">
    <p class='ocr_par' dir='ltr' id='par_1_9' title="bbox 252 1425 1992 1912">
     <span class='ocr_line' id='line_1_18' title="bbox 255 1425 1986 1510; baseline 0.002 -28"><span class='ocrx_word' id='word_1_119' title='bbox 255 1425 558 1502; x_wconf 82' lang='lat' dir='ltr'>quaestioni</span> <span class='ocrx_word' id='word_1_120' title='bbox 597 1430 924 1509; x_wconf 88' lang='lat' dir='ltr'>responsum</span> <span class='ocrx_word' id='word_1_121' title='bbox 961 1431 1099 1494; x_wconf 89' lang='lat' dir='ltr'>dare</span> <span class='ocrx_word' id='word_1_122' title='bbox 1142 1431 1416 1510; x_wconf 76' lang='lat' dir='ltr'>pofl‘unt?</span> <span class='ocrx_word' id='word_1_123' title='bbox 1484 1430 1543 1488; x_wconf 90' lang='lat' dir='ltr'>Si</span> <span class='ocrx_word' id='word_1_124' title='bbox 1587 1427 1986 1488; x_wconf 85' lang='lat' dir='ltr'>conditionali·</span> 
     </span>
     <span class='ocr_line' id='line_1_19' title="bbox 259 1507 1992 1591; baseline 0.003 -28"><span class='ocrx_word' id='word_1_125' title='bbox 259 1520 345 1563; x_wconf 90' lang='lat' dir='ltr'>ter</span> <span class='ocrx_word' id='word_1_126' title='bbox 394 1507 797 1584; x_wconf 81' lang='lat' dir='ltr'>responderent</span> <span class='ocrx_word' id='word_1_127' title='bbox 835 1509 1121 1584; x_wconf 75' lang='lat' dir='ltr'>dicente3‚·</span> <span class='ocrx_word' id='word_1_128' title='bbox 1153 1511 1194 1570; x_wconf 88' lang='lat' dir='ltr'>fi</span> <span class='ocrx_word' id='word_1_129' title='bbox 1233 1510 1546 1591; x_wconf 77' lang='lat' dir='ltr'>refipueriS,</span> <span class='ocrx_word' id='word_1_130' title='bbox 1593 1508 1850 1568; x_wconf 88' lang='lat' dir='ltr'>Christus</span> <span class='ocrx_word' id='word_1_131' title='bbox 1879 1529 1992 1590; x_wconf 88' lang='lat' dir='ltr'>pro</span> 
     </span>
     <span class='ocr_line' id='line_1_20' title="bbox 257 1589 1987 1669; baseline 0.002 -25"><span class='ocrx_word' id='word_1_132' title='bbox 257 1597 314 1644; x_wconf 89' lang='lat' dir='ltr'>te</span> <span class='ocrx_word' id='word_1_133' title='bbox 356 1602 620 1646; x_wconf 90' lang='lat' dir='ltr'>mortuus</span> <span class='ocrx_word' id='word_1_134' title='bbox 648 1589 728 1649; x_wconf 93' lang='lat' dir='ltr'>est</span> <span class='ocrx_word' id='word_1_135' title='bbox 758 1589 780 1648; x_wconf 91' lang='lat'>?</span> <span class='ocrx_word' id='word_1_136' title='bbox 827 1591 1093 1669; x_wconf 69' lang='lat' dir='ltr'>Quaestio</span> <span class='ocrx_word' id='word_1_137' title='bbox 1129 1591 1317 1652; x_wconf 90' lang='lat' dir='ltr'>adhuc</span> <span class='ocrx_word' id='word_1_138' title='bbox 1346 1590 1587 1651; x_wconf 88' lang='lat' dir='ltr'>recurrit</span> <span class='ocrx_word' id='word_1_139' title='bbox 1625 1591 1738 1650; x_wconf 89' lang='lat' dir='ltr'>hoc</span> <span class='ocrx_word' id='word_1_140' title='bbox 1785 1589 1987 1662; x_wconf 92' lang='lat' dir='ltr'>modo,</span> 
     </span>
     <span class='ocr_line' id='line_1_21' title="bbox 258 1663 1992 1751; baseline 0.002 -25"><span class='ocrx_word' id='word_1_141' title='bbox 258 1686 399 1726; x_wconf 89' lang='lat' dir='ltr'>num</span> <span class='ocrx_word' id='word_1_142' title='bbox 446 1668 701 1751; x_wconf 83' lang='lat' dir='ltr'>Christus</span> <span class='ocrx_word' id='word_1_143' title='bbox 749 1689 860 1750; x_wconf 90' lang='lat' dir='ltr'>pro</span> <span class='ocrx_word' id='word_1_144' title='bbox 899 1663 996 1732; x_wconf 74' lang='lat' dir='ltr'>ine</span> <span class='ocrx_word' id='word_1_145' title='bbox 1035 1688 1300 1733; x_wconf 90' lang='lat' dir='ltr'>mortuus</span> <span class='ocrx_word' id='word_1_146' title='bbox 1336 1671 1438 1743; x_wconf 88' lang='lat' dir='ltr'>est,</span> <span class='ocrx_word' id='word_1_147' title='bbox 1502 1688 1569 1732; x_wconf 90' lang='lat' dir='ltr'>ut</span> <span class='ocrx_word' id='word_1_148' title='bbox 1615 1670 1757 1730; x_wconf 90' lang='lat' dir='ltr'>mihi</span> <span class='ocrx_word' id='word_1_149' title='bbox 1801 1670 1992 1750; x_wconf 87' lang='lat' dir='ltr'>poeni-</span> 
     </span>
     <span class='ocr_line' id='line_1_22' title="bbox 254 1748 1989 1832; baseline 0.002 -25"><span class='ocrx_word' id='word_1_150' title='bbox 254 1748 496 1811; x_wconf 90' lang='lat' dir='ltr'>tentiam</span> <span class='ocrx_word' id='word_1_151' title='bbox 543 1751 873 1831; x_wconf 79' lang='lat' dir='ltr'>possibilem</span> <span class='ocrx_word' id='word_1_152' title='bbox 922 1753 1188 1815; x_wconf 88' lang='lat' dir='ltr'>faceret?</span> <span class='ocrx_word' id='word_1_153' title='bbox 1253 1754 1417 1814; x_wconf 89' lang='lat' dir='ltr'>Huic</span> <span class='ocrx_word' id='word_1_154' title='bbox 1459 1751 1600 1812; x_wconf 90' lang='lat' dir='ltr'>nihil</span> <span class='ocrx_word' id='word_1_155' title='bbox 1651 1751 1989 1832; x_wconf 89' lang='lat' dir='ltr'>respondere</span> 
     </span>
     <span class='ocr_line' id='line_1_23' title="bbox 252 1830 1989 1912; baseline 0.002 -24"><span class='ocrx_word' id='word_1_156' title='bbox 252 1830 503 1908; x_wconf 79' lang='lat' dir='ltr'>possunt,</span> <span class='ocrx_word' id='word_1_157' title='bbox 565 1831 666 1892; x_wconf 84' lang='lat' dir='ltr'>nifi</span> <span class='ocrx_word' id='word_1_158' title='bbox 712 1835 769 1893; x_wconf 92' lang='lat' dir='ltr'>in</span> <span class='ocrx_word' id='word_1_159' title='bbox 814 1834 1099 1896; x_wconf 88' lang='lat' dir='ltr'>circulum</span> <span class='ocrx_word' id='word_1_160' title='bbox 1127 1833 1378 1895; x_wconf 88' lang='lat' dir='ltr'>redeant.</span> <span class='ocrx_word' id='word_1_161' title='bbox 1465 1835 1621 1894; x_wconf 70' lang='lat' dir='ltr'>Cum</span> <span class='ocrx_word' id='word_1_162' title='bbox 1665 1849 1859 1893; x_wconf 88' lang='lat' dir='ltr'>autem</span> <span class='ocrx_word' id='word_1_163' title='bbox 1888 1853 1989 1912; x_wconf 91' lang='lat' dir='ltr'>pe-</span> 
     </span>
    </p>
   </div>
   <div class='ocr_carea' id='block_1_10' title="bbox 251 1911 2086 2076">
    <p class='ocr_par' dir='ltr' id='par_1_10' title="bbox 251 1911 2086 2076">
     <span class='ocr_line' id='line_1_24' title="bbox 253 1911 2086 1997; baseline 0.003 -28"><span class='ocrx_word' id='word_1_164' title='bbox 253 1911 349 1970; x_wconf 90' lang='lat' dir='ltr'>des</span> <span class='ocrx_word' id='word_1_165' title='bbox 387 1932 612 1985; x_wconf 90' lang='lat' dir='ltr'>eorum,</span> <span class='ocrx_word' id='word_1_166' title='bbox 658 1915 756 1995; x_wconf 90' lang='lat' dir='ltr'>qui</span> <span class='ocrx_word' id='word_1_167' title='bbox 802 1916 1018 1976; x_wconf 88' lang='lat' dir='ltr'>bonam</span> <span class='ocrx_word' id='word_1_168' title='bbox 1047 1917 1354 1997; x_wconf 82' lang='lat' dir='ltr'>Evangelii</span> <span class='ocrx_word' id='word_1_169' title='bbox 1403 1915 1557 1995; x_wconf 85' lang='lat' dir='ltr'>pacis</span> <span class='ocrx_word' id='word_1_170' title='bbox 1597 1915 1989 1974; x_wconf 81' lang='lat' dir='ltr'>annunciatio·</span> <span class='ocrx_word' id='word_1_171' title='bbox 2077 1968 2086 1975; x_wconf 86' lang='lat'>.</span> 
     </span>
     <span class='ocr_line' id='line_1_25' title="bbox 251 1993 2086 2076; baseline 0.002 -24"><span class='ocrx_word' id='word_1_172' title='bbox 251 2012 386 2052; x_wconf 89' lang='lat' dir='ltr'>nem</span> <span class='ocrx_word' id='word_1_173' title='bbox 415 1994 726 2067; x_wconf 89' lang='lat' dir='ltr'>adducunt,</span> <span class='ocrx_word' id='word_1_174' title='bbox 772 1996 1035 2058; x_wconf 88' lang='lat' dir='ltr'>dicantur</span> <span class='ocrx_word' id='word_1_175' title='bbox 1056 1998 1162 2057; x_wconf 87' lang='lat' dir='ltr'>effe</span> <span class='ocrx_word' id='word_1_176' title='bbox 1185 1996 1413 2076; x_wconf 89' lang='lat' dir='ltr'>pulchri</span> <span class='ocrx_word' id='word_1_177' title='bbox 1442 1995 1502 2054; x_wconf 76' lang='grc' dir='ltr'>ὅτ</span> <span class='ocrx_word' id='word_1_178' title='bbox 1543 1993 1798 2075; x_wconf 76' lang='lat' dir='ltr'>speciosi,</span> <span class='ocrx_word' id='word_1_179' title='bbox 1831 1995 1991 2075; x_wconf 88' lang='lat' dir='ltr'>quod</span> <span class='ocrx_word' id='word_1_180' title='bbox 2083 2042 2086 2074; x_wconf 40' lang='grc' dir='ltr'><strong>ἶ</strong></span> 
     </span>
    </p>
   </div>
   <div class='ocr_carea' id='block_1_11' title="bbox 249 2076 2067 3288">
    <p class='ocr_par' dir='ltr' id='par_1_11' title="bbox 249 2076 2080 3288">
     <span class='ocr_line' id='line_1_26' title="bbox 253 2076 2066 2158; baseline 0.002 -26"><span class='ocrx_word' id='word_1_181' title='bbox 253 2093 625 2135; x_wconf 89' lang='lat' dir='ltr'>communem</span> <span class='ocrx_word' id='word_1_182' title='bbox 653 2077 714 2135; x_wconf 86' lang='lat'>&amp;</span> <span class='ocrx_word' id='word_1_183' title='bbox 761 2078 1106 2140; x_wconf 88' lang='lat' dir='ltr'>catholicam</span> <span class='ocrx_word' id='word_1_184' title='bbox 1134 2079 1373 2138; x_wconf 86' lang='lat' dir='ltr'>salutem</span> <span class='ocrx_word' id='word_1_185' title='bbox 1417 2076 1755 2158; x_wconf 86' lang='lat' dir='ltr'>praedicent,</span> <span class='ocrx_word' id='word_1_186' title='bbox 1800 2076 1989 2155; x_wconf 88' lang='lat' dir='ltr'>poeni·</span> <span class='ocrx_word' id='word_1_187' title='bbox 2063 2140 2066 2154; x_wconf 27' lang='grc' dir='ltr'><em>Α</em></span> 
     </span>
     <span class='ocr_line' id='line_1_27' title="bbox 255 2155 2067 2239; baseline 0.002 -26"><span class='ocrx_word' id='word_1_188' title='bbox 255 2155 496 2216; x_wconf 89' lang='lat' dir='ltr'>tentiam</span> <span class='ocrx_word' id='word_1_189' title='bbox 526 2159 815 2231; x_wconf 77' lang='lat' dir='ltr'>omnibu5‚</span> <span class='ocrx_word' id='word_1_190' title='bbox 877 2158 1285 2220; x_wconf 71' lang='lat' dir='ltr'>misericordiae</span> <span class='ocrx_word' id='word_1_191' title='bbox 1321 2157 1560 2239; x_wconf 89' lang='lat' dir='ltr'>januam</span> <span class='ocrx_word' id='word_1_192' title='bbox 1589 2156 1858 2218; x_wconf 88' lang='lat' dir='ltr'>omnibus</span> <span class='ocrx_word' id='word_1_193' title='bbox 1874 2156 1992 2217; x_wconf 71' lang='lat' dir='ltr'>“of-</span> <span class='ocrx_word' id='word_1_194' title='bbox 2061 2160 2067 2217; x_wconf 83' lang='grc' dir='ltr'>·Ϊ</span> 
     </span>
     <span class='ocr_line' id='line_1_28' title="bbox 251 2235 1987 2321; baseline 0.003 -26"><span class='ocrx_word' id='word_1_195' title='bbox 251 2235 493 2296; x_wconf 87' lang='lat' dir='ltr'>ferentes</span> <span class='ocrx_word' id='word_1_196' title='bbox 542 2259 645 2318; x_wconf 89' lang='lat' dir='ltr'>per</span> <span class='ocrx_word' id='word_1_197' title='bbox 687 2241 882 2320; x_wconf 89' lang='lat' dir='ltr'>Jesum</span> <span class='ocrx_word' id='word_1_198' title='bbox 933 2239 1249 2312; x_wconf 85' lang='lat' dir='ltr'>Christum,</span> <span class='ocrx_word' id='word_1_199' title='bbox 1295 2239 1393 2321; x_wconf 92' lang='lat' dir='ltr'>qui</span> <span class='ocrx_word' id='word_1_200' title='bbox 1433 2239 1596 2298; x_wconf 89' lang='lat' dir='ltr'>dedit</span> <span class='ocrx_word' id='word_1_201' title='bbox 1625 2238 1987 2318; x_wconf 88' lang='lat' dir='ltr'>semetipsum</span> 
     </span>
     <span class='ocr_line' id='line_1_29' title="bbox 250 2317 1990 2402; baseline 0.002 -26"><span class='ocrx_word' id='word_1_202' title='bbox 250 2317 708 2399; x_wconf 89' lang='lat' dir='ltr'>redemptionem</span> <span class='ocrx_word' id='word_1_203' title='bbox 744 2342 857 2402; x_wconf 91' lang='lat' dir='ltr'>pro</span> <span class='ocrx_word' id='word_1_204' title='bbox 886 2323 1172 2383; x_wconf 55' lang='lat' dir='ltr'>omnibu&amp;</span> <span class='ocrx_word' id='word_1_205' title='bbox 1258 2319 1647 2402; x_wconf 85' lang='lat' dir='ltr'>Evangelium</span> <span class='ocrx_word' id='word_1_206' title='bbox 1675 2326 1874 2380; x_wconf 86' lang='lat' dir='ltr'>omnes</span> <span class='ocrx_word' id='word_1_207' title='bbox 1907 2319 1990 2380; x_wconf 90' lang='lat' dir='ltr'>in-</span> 
     </span>
     <span class='ocr_line' id='line_1_30' title="bbox 251 2399 2060 2484; baseline 0.002 -27"><span class='ocrx_word' id='word_1_208' title='bbox 251 2400 422 2471; x_wconf 88' lang='lat' dir='ltr'>vitat,</span> <span class='ocrx_word' id='word_1_209' title='bbox 470 2401 529 2459; x_wconf 87' lang='lat'>&amp;</span> <span class='ocrx_word' id='word_1_210' title='bbox 559 2417 709 2461; x_wconf 88' lang='lat' dir='ltr'>certe</span> <span class='ocrx_word' id='word_1_211' title='bbox 757 2423 863 2483; x_wconf 90' lang='lat' dir='ltr'>per</span> <span class='ocrx_word' id='word_1_212' title='bbox 904 2403 1291 2484; x_wconf 87' lang='lat' dir='ltr'>Evangelium</span> <span class='ocrx_word' id='word_1_213' title='bbox 1331 2402 1517 2463; x_wconf 90' lang='lat' dir='ltr'>noluit</span> <span class='ocrx_word' id='word_1_214' title='bbox 1561 2400 1818 2461; x_wconf 85' lang='lat' dir='ltr'>Christus</span> <span class='ocrx_word' id='word_1_215' title='bbox 1857 2399 1989 2461; x_wconf 85' lang='lat' dir='ltr'>inu-</span> <span class='ocrx_word' id='word_1_216' title='bbox 2044 2470 2060 2480; x_wconf 65' lang='lat'><em>„</em></span> 
     </span>
     <span class='ocr_line' id='line_1_31' title="bbox 249 2479 1991 2564; baseline 0.003 -26"><span class='ocrx_word' id='word_1_217' title='bbox 249 2479 383 2539; x_wconf 87' lang='lat' dir='ltr'>dere</span> <span class='ocrx_word' id='word_1_218' title='bbox 412 2481 473 2539; x_wconf 86' lang='lat'>&amp;</span> <span class='ocrx_word' id='word_1_219' title='bbox 503 2481 763 2564; x_wconf 86' lang='lat' dir='ltr'>decipere</span> <span class='ocrx_word' id='word_1_220' title='bbox 784 2483 1103 2544; x_wconf 85' lang='lat' dir='ltr'>maximam</span> <span class='ocrx_word' id='word_1_221' title='bbox 1143 2484 1445 2545; x_wconf 88' lang='lat' dir='ltr'>hominum</span> <span class='ocrx_word' id='word_1_222' title='bbox 1503 2490 1722 2552; x_wconf 75' lang='lat' dir='ltr'>artem,</span> <span class='ocrx_word' id='word_1_223' title='bbox 1756 2482 1991 2562; x_wconf 89' lang='lat' dir='ltr'>quando</span> 
     </span>
     <span class='ocr_line' id='line_1_32' title="bbox 250 2561 1984 2638; baseline 0.002 -19"><span class='ocrx_word' id='word_1_224' title='bbox 250 2561 457 2622; x_wconf 88' lang='lat' dir='ltr'>invitat</span> <span class='ocrx_word' id='word_1_225' title='bbox 497 2564 561 2622; x_wconf 89' lang='lat'>&amp;</span> <span class='ocrx_word' id='word_1_226' title='bbox 600 2579 795 2636; x_wconf 89' lang='lat' dir='ltr'>vocat,</span> <span class='ocrx_word' id='word_1_227' title='bbox 840 2564 1110 2636; x_wconf 88' lang='lat' dir='ltr'>dicendo,</span> <span class='ocrx_word' id='word_1_228' title='bbox 1172 2567 1348 2625; x_wconf 87' lang='lat' dir='ltr'>venite</span> <span class='ocrx_word' id='word_1_229' title='bbox 1404 2585 1437 2623; x_wconf 82' lang='lat' dir='ltr'>a</span> <span class='ocrx_word' id='word_1_230' title='bbox 1519 2585 1600 2623; x_wconf 87' lang='lat' dir='ltr'>me</span> <span class='ocrx_word' id='word_1_231' title='bbox 1641 2584 1812 2624; x_wconf 86' lang='lat' dir='ltr'>omnes</span> <span class='ocrx_word' id='word_1_232' title='bbox 1865 2582 1984 2638; x_wconf 80' lang='lat' dir='ltr'>vos,</span> 
     </span>
     <span class='ocr_line' id='line_1_33' title="bbox 251 2643 1987 2725; baseline 0.001 -24"><span class='ocrx_word' id='word_1_233' title='bbox 251 2646 341 2722; x_wconf 87' lang='lat' dir='ltr'>qui</span> <span class='ocrx_word' id='word_1_234' title='bbox 385 2643 553 2723; x_wconf 73' lang='lat' dir='ltr'>dcfeffi</span> <span class='ocrx_word' id='word_1_235' title='bbox 594 2647 708 2723; x_wconf 71' lang='lat' dir='ltr'>estis</span> <span class='ocrx_word' id='word_1_236' title='bbox 754 2648 824 2708; x_wconf 56' lang='grc' dir='ltr'><em>δέ</em></span> <span class='ocrx_word' id='word_1_237' title='bbox 868 2649 1055 2724; x_wconf 87' lang='lat' dir='ltr'>onusti,</span> <span class='ocrx_word' id='word_1_238' title='bbox 1118 2648 1187 2709; x_wconf 82' lang='lat'><em>&amp;</em></span> <span class='ocrx_word' id='word_1_239' title='bbox 1231 2646 1379 2706; x_wconf 87' lang='lat' dir='ltr'>vobis</span> <span class='ocrx_word' id='word_1_240' title='bbox 1422 2648 1648 2725; x_wconf 84' lang='lat' dir='ltr'>requiem</span> <span class='ocrx_word' id='word_1_241' title='bbox 1693 2645 1843 2705; x_wconf 83' lang='lat' dir='ltr'>dabo.</span> <span class='ocrx_word' id='word_1_242' title='bbox 1927 2644 1987 2703; x_wconf 93' lang='lat' dir='ltr'>Si</span> 
     </span>
     <span class='ocr_line' id='line_1_34' title="bbox 251 2725 1985 2808; baseline 0.002 -26"><span class='ocrx_word' id='word_1_243' title='bbox 251 2725 429 2803; x_wconf 83' lang='lat' dir='ltr'>igitur</span> <span class='ocrx_word' id='word_1_244' title='bbox 472 2745 670 2786; x_wconf 89' lang='lat' dir='ltr'>omnes</span> <span class='ocrx_word' id='word_1_245' title='bbox 720 2728 885 2788; x_wconf 89' lang='lat' dir='ltr'>illurn</span> <span class='ocrx_word' id='word_1_246' title='bbox 927 2747 1184 2808; x_wconf 88' lang='lat' dir='ltr'>quaerere</span> <span class='ocrx_word' id='word_1_247' title='bbox 1231 2726 1498 2796; x_wconf 90' lang='lat' dir='ltr'>debeant,</span> <span class='ocrx_word' id='word_1_248' title='bbox 1561 2725 1624 2784; x_wconf 77' lang='grc' dir='ltr'>ὅτ</span> <span class='ocrx_word' id='word_1_249' title='bbox 1669 2745 1774 2807; x_wconf 88' lang='lat' dir='ltr'>per</span> <span class='ocrx_word' id='word_1_250' title='bbox 1816 2725 1985 2806; x_wconf 77' lang='lat' dir='ltr'>illum</span> 
     </span>
     <span class='ocr_line' id='line_1_35' title="bbox 249 2805 1984 2890; baseline 0.001 -26"><span class='ocrx_word' id='word_1_251' title='bbox 249 2805 491 2866; x_wconf 87' lang='lat' dir='ltr'>salutem</span> <span class='ocrx_word' id='word_1_252' title='bbox 528 2810 852 2888; x_wconf 69' lang='lat' dir='ltr'>expectare,</span> <span class='ocrx_word' id='word_1_253' title='bbox 898 2809 1164 2890; x_wconf 90' lang='lat' dir='ltr'>oportuit</span> <span class='ocrx_word' id='word_1_254' title='bbox 1202 2828 1336 2868; x_wconf 89' lang='lat' dir='ltr'>eum</span> <span class='ocrx_word' id='word_1_255' title='bbox 1368 2805 1555 2866; x_wconf 79' lang='lat' dir='ltr'>fecifl‘e</span> <span class='ocrx_word' id='word_1_256' title='bbox 1596 2805 1707 2866; x_wconf 87' lang='lat' dir='ltr'>illis</span> <span class='ocrx_word' id='word_1_257' title='bbox 1746 2805 1984 2867; x_wconf 88' lang='lat' dir='ltr'>salutem</span> 
     </span>
     <span class='ocr_line' id='line_1_36' title="bbox 250 2885 1980 2979; baseline -0.002 -32"><span class='ocrx_word' id='word_1_258' title='bbox 250 2887 619 2966; x_wconf 85' lang='lat' dir='ltr'>poffibilem:</span> <span class='ocrx_word' id='word_1_259' title='bbox 688 2911 823 2951; x_wconf 90' lang='lat' dir='ltr'>nam</span> <span class='ocrx_word' id='word_1_260' title='bbox 864 2891 987 2973; x_wconf 90' lang='lat' dir='ltr'>quis</span> <span class='ocrx_word' id='word_1_261' title='bbox 1024 2905 1249 2950; x_wconf 89' lang='lat' dir='ltr'>tenetur</span> <span class='ocrx_word' id='word_1_262' title='bbox 1286 2886 1636 2970; x_wconf 86' lang='lat' dir='ltr'>impoffibile</span> <span class='ocrx_word' id='word_1_263' title='bbox 1682 2885 1980 2979; x_wconf 69' lang='lat' dir='ltr'>persequi?</span> 
     </span>
     <span class='ocr_line' id='line_1_37' title="bbox 252 2967 1984 3052; baseline -0.001 -27"><span class='ocrx_word' id='word_1_264' title='bbox 252 2969 577 3035; x_wconf 69' lang='lat' dir='ltr'>hominibus</span> <span class='ocrx_word' id='word_1_265' title='bbox 619 2970 860 3031; x_wconf 88' lang='lat' dir='ltr'>illudere</span> <span class='ocrx_word' id='word_1_266' title='bbox 908 2972 1113 3052; x_wconf 89' lang='lat' dir='ltr'>procul</span> <span class='ocrx_word' id='word_1_267' title='bbox 1150 2970 1332 3030; x_wconf 87' lang='lat' dir='ltr'>dubio</span> <span class='ocrx_word' id='word_1_268' title='bbox 1373 2969 1528 3040; x_wconf 80' lang='lat' dir='ltr'>esset,</span> <span class='ocrx_word' id='word_1_269' title='bbox 1574 2969 1694 3028; x_wconf 61' lang='lat' dir='ltr'>hocv</span> <span class='ocrx_word' id='word_1_270' title='bbox 1731 2967 1840 3034; x_wconf 83' lang='lat' dir='ltr'>illis</span> <span class='ocrx_word' id='word_1_271' title='bbox 1872 2985 1984 3024; x_wconf 82' lang='lat' dir='ltr'>lm-</span> 
     </span>
     <span class='ocr_line' id='line_1_38' title="bbox 254 3049 1986 3133; baseline -0.003 -25"><span class='ocrx_word' id='word_1_272' title='bbox 254 3069 487 3127; x_wconf 89' lang='lat' dir='ltr'>ponere.</span> <span class='ocrx_word' id='word_1_273' title='bbox 574 3051 656 3110; x_wconf 88' lang='lat' dir='ltr'>Et</span> <span class='ocrx_word' id='word_1_274' title='bbox 683 3058 784 3133; x_wconf 80' lang='lat' dir='ltr'>qui</span> <span class='ocrx_word' id='word_1_275' title='bbox 818 3070 1033 3133; x_wconf 85' lang='lat' dir='ltr'>negant</span> <span class='ocrx_word' id='word_1_276' title='bbox 1081 3051 1293 3112; x_wconf 89' lang='lat' dir='ltr'>Christi</span> <span class='ocrx_word' id='word_1_277' title='bbox 1336 3066 1528 3111; x_wconf 90' lang='lat' dir='ltr'>morte</span> <span class='ocrx_word' id='word_1_278' title='bbox 1573 3049 1810 3109; x_wconf 85' lang='lat' dir='ltr'>salutem</span> <span class='ocrx_word' id='word_1_279' title='bbox 1854 3065 1986 3104; x_wconf 88' lang='lat' dir='ltr'>om·</span> 
     </span>
     <span class='ocr_line' id='line_1_39' title="bbox 252 3123 1984 3214; baseline -0.001 -28"><span class='ocrx_word' id='word_1_280' title='bbox 252 3130 418 3190; x_wconf 84' lang='lat' dir='ltr'>nibus</span> <span class='ocrx_word' id='word_1_281' title='bbox 461 3129 1030 3212; x_wconf 62' lang='lat' dir='ltr'>poffibilem&#39;factam</span> <span class='ocrx_word' id='word_1_282' title='bbox 1060 3134 1188 3205; x_wconf 82' lang='lat' dir='ltr'>effe,</span> <span class='ocrx_word' id='word_1_283' title='bbox 1235 3129 1566 3214; x_wconf 70' lang='lat' dir='ltr'>blaspheme</span> <span class='ocrx_word' id='word_1_284' title='bbox 1588 3123 1784 3191; x_wconf 77' lang='lat' dir='ltr'>Deum</span> <span class='ocrx_word' id='word_1_285' title='bbox 1814 3147 1984 3186; x_wconf 90' lang='lat' dir='ltr'>mun-</span> 
     </span>
     <span class='ocr_line' id='line_1_40' title="bbox 253 3207 1981 3288; baseline 0 -22"><span class='ocrx_word' id='word_1_286' title='bbox 253 3208 331 3266; x_wconf 92' lang='lat' dir='ltr'>do</span> <span class='ocrx_word' id='word_1_287' title='bbox 374 3211 612 3272; x_wconf 87' lang='lat' dir='ltr'>illudere</span> <span class='ocrx_word' id='word_1_288' title='bbox 647 3213 882 3288; x_wconf 87' lang='lat' dir='ltr'>faciunt,</span> <span class='ocrx_word' id='word_1_289' title='bbox 927 3236 1063 3275; x_wconf 90' lang='lat' dir='ltr'>cum</span> <span class='ocrx_word' id='word_1_290' title='bbox 1092 3212 1358 3275; x_wconf 83' lang='lat' dir='ltr'>ministris</span> <span class='ocrx_word' id='word_1_291' title='bbox 1384 3213 1491 3272; x_wconf 80' lang='lat' dir='ltr'>suis</span> <span class='ocrx_word' id='word_1_292' title='bbox 1521 3207 1752 3270; x_wconf 85' lang='lat' dir='ltr'>mandet</span> <span class='ocrx_word' id='word_1_293' title='bbox 1785 3207 1981 3267; x_wconf 85' lang='lat' dir='ltr'>Evan-</span> 
     </span>
    </p>
   </div>
   <div class='ocr_carea' id='block_1_12' title="bbox 251 3288 1980 3431">
    <p class='ocr_par' dir='ltr' id='par_1_12' title="bbox 251 3288 1980 3431">
     <span class='ocr_line' id='line_1_41' title="bbox 251 3288 1980 3372; baseline 0.001 -22"><span class='ocrx_word' id='word_1_294' title='bbox 251 3290 470 3372; x_wconf 85' lang='lat' dir='ltr'>gelium</span> <span class='ocrx_word' id='word_1_295' title='bbox 526 3294 717 3354; x_wconf 79' lang='lat' dir='ltr'>salutis</span> <span class='ocrx_word' id='word_1_296' title='bbox 774 3296 1040 3358; x_wconf 87' lang='lat' dir='ltr'>omnibus</span> <span class='ocrx_word' id='word_1_297' title='bbox 1094 3293 1468 3362; x_wconf 86' lang='lat' dir='ltr'>annunciare,</span> <span class='ocrx_word' id='word_1_298' title='bbox 1540 3289 1681 3350; x_wconf 89' lang='lat' dir='ltr'>dum</span> <span class='ocrx_word' id='word_1_299' title='bbox 1729 3288 1842 3370; x_wconf 88' lang='lat' dir='ltr'>ipse</span> <span class='ocrx_word' id='word_1_300' title='bbox 1902 3289 1980 3347; x_wconf 79' lang='lat' dir='ltr'>ab</span> 
     </span>
     <span class='ocr_line' id='line_1_42' title="bbox 1759 3383 1980 3431; baseline -0.009 0"><span class='ocrx_word' id='word_1_301' title='bbox 1759 3383 1980 3431; x_wconf 80' lang='lat' dir='ltr'>aeterno</span> 
     </span>
    </p>
   </div>
  </div>
 </body>
</html>
