2086 3640
682 119 774 182 De
812 118 1215 198 Justificatione.
1700 116 1815 196 169

180 229 258 291 V.
305 231 495 312 Qon
560 224 636 288 ad
672 226 944 307 primam,
1005 226 1199 305 probo
1246 241 1318 283 ex
1358 218 1541 280 Rom.
1597 218 1672 280 iii.
1720 239 1820 299 25·

102 311 276 391 Qem
315 311 577 390 proposuit
621 307 767 368 Deus
805 308 1232 384 propitiationem
1263 321 1368 382 per
1390 304 1560 378 fidem
1595 306 1651 363 in
1687 301 1822 382 san-

94 397 257 473 guine
302 394 455 470 ipstus
494 389 570 450 ad
609 388 928 466 ostenfionem
961 389 1173 465 justitiae
1199 390 1313 466 fitoe
1350 396 1572 462 propter
1611 384 1824 460 remiffz'-

99 496 244 532 onem
256 472 656 550 praecedentium
676 468 981 530 delibtorum
1021 471 1076 527 in
1101 469 1472 547 fitstentatione
1491 465 1616 524 Dei.
1682 467 1830 527 Hoc

105 554 242 617 loco
306 554 539 613 exhibet
597 547 919 630 Apostolus
965 550 1168 607 mortis
1213 546 1426 608 Christi
1464 546 1828 620 efficaciam,

105 634 420 703 ostendenS,
467 631 623 712 quod
650 630 738 703 ea,
780 630 843 689 ὅτ
890 649 994 708 per
1037 628 1212 688 fidem
1254 627 1310 687 in
1352 627 1533 697 illam,
1579 627 1833 689 remiffio

101 713 552 794 praecedentium
610 712 704 772 seu
764 709 1194 791 praeteritorum
1249 724 1622 789 peccatorum
1679 705 1833 770 obti-

100 810 291 864 netur,
334 815 518 872 quum
565 792 708 855 illud
755 791 844 862 fit,
889 793 945 851 in
984 812 1102 871 quo,
1148 790 1210 850 &
1239 803 1462 868 propter
1495 790 1650 870 quod,
1702 791 1838 851 lon·-

106 875 411 954 ganimitas
453 873 565 933 Dei
623 894 762 954 erga
802 871 1060 932 homines
1106 887 1449 940 exercetur·,
1514 871 1647 932 ideo
1698 872 1839 932 licet

106 955 365 1015 homines
423 976 533 1035 pro
565 953 905 1035 quotidianis
956 954 1203 1032 peccatis
1260 970 1513 1013 mortem
1558 969 1839 1013 aeternam

109 1053 458 1106 mereantur,
502 1038 563 1100 &
600 1036 700 1095 irae
745 1034 952 1094 divinae
990 1033 1152 1096 obvii
1192 1033 1325 1105 sint,
1392 1051 1585 1105 tamen
1622 1036 1842 1095 virtute

109 1117 386 1180 Sacrificii
453 1117 605 1178 illius
666 1115 796 1194 Jesu
861 1114 1070 1175 Christi
1127 1114 1316 1196 gratia
1370 1118 1433 1176 δε
1476 1115 1664 1176 semen
1726 1115 1841 1176 Dei

109 1214 351 1259 movent
389 1218 485 1258 eos
530 1200 585 1257 in
634 1216 851 1266 amore,
914 1196 1157 1273 durante
1218 1197 1456 1257 illorum
1504 1194 1843 1256 vifitationis

112 1278 226 1348 die,
291 1300 406 1338 non
441 1277 596 1359 quasi
647 1277 806 1340 malo
847 1297 963 1337 non
1018 1278 1432 1348 adversaretur,
1497 1276 1645 1336 illud
1688 1278 1845 1338 enim

115 1360 373 1419 consumi
414 1375 672 1440 oportet,
716 1359 809 1418 sed
849 1376 916 1419 ut
945 1360 1124 1419 homo
1165 1361 1196 1418 a
1238 1357 1399 1420 malo
1430 1359 1763 1420 redimatur.

195 1443 570 1511 SECUNDO,
634 1440 693 1506 Si
749 1439 905 1500 Deus
962 1440 1225 1508 totaliter
1274 1440 1671 1501 reconciliatus
1710 1440 1848 1501 effet

115 1521 462 1593 hominibus„
523 1520 728 1601 eosque
756 1519 939 1599 justos
979 1539 1293 1603 reputaret,
1357 1524 1499 1582 dum
1545 1522 1850 1581 aetualiter

117 1602 304 1679 injusti
346 1602 454 1662 sint
485 1627 506 1670 ς
568 1602 603 1636 *
646 1603 795 1661 unde
832 1602 924 1673 fit,
986 1602 1144 1681 quod
1182 1620 1302 1663 tarn
1340 1602 1663 1683 frequenter
1710 1622 1867 1662 con-s

118 1684 395 1761 queritur,
461 1678 620 1763 quod
662 1682 787 1741 tarn
836 1684 1042 1744 crebro
1106 1702 1209 1763 per
1249 1698 1437 1745 totam
1489 1684 1852 1764 Scripturam

123 1765 453 1842 expostulat
509 1785 643 1827 curn
692 1762 776 1834 iis,
840 1767 939 1843 qui
985 1783 1057 1823 ex
1104 1766 1327 1844 populo
1374 1764 1474 1824 suo
1514 1766 1578 1824 ὅτ
1616 1763 1854 1825 ecclesia

116 1861 299 1914 erant,
359 1845 551 1907 dicens
596 1844 694 1914 εἰς,
765 1845 923 1925 quod
975 1847 1276 1925 iniquitates
1335 1867 1514 1905 eorum
1561 1847 1855 1924 diviserunt

116 1928 259 1986 inter
301 1924 422 1986 illos
475 1927 544 1988 69³
570 1927 652 2006 ft,
696 1923 797 1985 Isa.
837 1925 935 1986 lix.
991 1943 1046 1984 2.
1132 1926 1293 1986 Nam
1342 1927 1444 1987 ubi
1486 1925 1741 2005 perfecta
1789 1927 1855 1987 δε

119 2006 409 2085 completa
452 2001 842 2066 reconciliatio
873 2006 972 2077 est,
1022 2005 1104 2066 ibi
1145 2008 1304 2066 nulla
1343 2006 1497 2066 adest
1518 2007 1803 2089 separatio
1831 2033 1852 2075 ς

117 2087 243 2152 imo
291 2107 362 2150 ex
423 2088 527 2147 hac
575 2086 832 2149 doetrina
885 2085 1190 2149 neceffario
1245 2088 1519 2169 sequitur,
1592 2089 1689 2149 vel
1729 2109 1852 2161 e03‚

121 2187 233 2249 pro
276 2168 479 2248 quibus
520 2167 776 2229 Christus
803 2184 1067 2230 mortuus
1110 2167 1214 2240 est,
1258 2170 1318 2229 &
1360 2190 1502 2250 quos
1533 2170 1646 2230 hoc
1674 2170 1858 2231 modo

119 2249 273 2330 patri
328 2248 736 2320 reconciliavit,
809 2270 1102 2330 nunquam
1166 2270 1457 2330 peccare3
1530 2252 1626 2312 vel
1670 2253 1855 2332 quod,

85 2329 349 2409 ,quando
369 2347 628 2410 peccant,
667 2330 894 2411 semper
930 2348 1125 2391 tamen
1155 2332 1507 2394 reconciliati
1530 2348 1855 2403 remanent,

117 2411 184 2475 &
221 2411 462 2491 peccatis
494 2412 660 2472 nullo
697 2411 878 2473 modo
918 2411 1250 2493 separantur
1278 2413 1308 2472 a
1342 2413 1498 2486 Dec,
1544 2415 1665 2473 imo
1694 2413 1858 2493 quod

120 2490 180 2550 in
228 2493 496 2574 peccati8‚
538 2493 599 2552 id
624 2493 728 2567 est,
771 2493 915 2554 dum
939 2511 1199 2574 peccant,
1235 2494 1643 2574 justificantur.
1715 2493 1862 2555 Inde

32 2598 44 2605 *
123 2573 299 2635 etiam
320 2574 644 2656 sequeretur
669 2574 1058 2636 abominanda
1089 2575 1214 2634 haec
1242 2574 1664 2654 consequentia,
1697 2575 1863 2656 quod

122 2654 186 2713 ὅτ
221 2656 373 2714 bona
409 2675 606 2735 opera,
676 2655 740 2715 δε
793 2657 1032 2735 peffima
1080 2672 1312 2734 peccata
1363 2658 1570 2716 talium
1618 2659 1860 2736 prorsus

124 2733 328 2808 eadem
371 2734 480 2802 sint
506 2736 565 2804 in
604 2734 908 2819 conspectu
937 2734 1068 2805 Dei,
1115 2739 1251 2799 crum
1278 2757 1383 2797 nec
1420 2737 1521 2801 illa
1567 2738 1642 2798 ad
1681 2737 1860 2816 Justi-

1519 2820 1860 2881 ficationem

197 3018 232 3051 *
265 3023 373 3069 Non
396 3021 539 3084 Jblum
575 3024 728 3087 loquor
763 3022 819 3072 de
867 3021 1115 3073 hominibus
1155 3035 1261 3073 ante
1293 3022 1631 3083 converfionem,
1680 3022 1758 3091 qui
1790 3018 1869 3086 pv·'

119 3079 223 3148 flea
259 3099 593 3140 convertuntur.
623 3101 732 3154 quos
746 3100 891 3138 tamen
927 3088 1102 3155 quidam
1120 3084 1357 3148 nostrorum
1387 3085 1759 3151 advezsariorum
1782 3086 1863 3154 qui

128 3150 447 3202 Antinomiani
484 3153 706 3212 dicuntur,
755 3153 810 3203 ab
847 3152 983 3204 initio
1023 3150 1282 3219 justificatos
1328 3152 1565 3219 affirmant,
1607 3156 1690 3214 sed
1724 3156 1865 3203 etiam

129 3215 186 3264 de
219 3215 298 3276 iis,
335 3219 412 3283 qui
434 3214 673 3279 secundum
710 3232 970 3270 communem
1001 3214 1346 3276 Protestantium
1369 3219 1640 3285 firmentum
1674 3217 1866 3280 conversi

120 3277 274 3344 [ατη
313 3296 420 3349 quos
453 3296 601 3338 tamen
621 3285 791 3346 semper
823 3286 873 3333 in
906 3284 1010 3351 quib
1064 3287 1161 3335 dam
1178 3286 1376 3350 peccatis,
1407 3285 1645 3353 aliquando,
1685 3285 1734 3334 in
1756 3298 1861 3350 gra·

132 3345 284 3406 vibus,
327 3350 384 3395 'ut
408 3349 464 3397 de
488 3350 697 3399 Davidis
731 3351 957 3399 adulterio
1087 3351 1318 3401 homicidio
1351 3363 1489 3417 patet,
1531 3363 1759 3400 remanere
1782 3344 1862 3416 st

131 3418 298 3474 untur,
328 3408 378 3464 ὅ
395 3425 544 3467 tamen
570 3412 761 3482 perse-‘ki‘
794 3412 844 3466 ῖς
869 3415 1068 3471 totaliter
1099 3415 1356 3486 justificatos
1379 3415 1462 3484 effi·
1491 3412 1730 3484 affirmam-
1830 3409 1851 3420 ’“
