2086 3640
403 66 496 128 De
533 66 750 127 internd
790 65 861 128 ἐφ’
902 62 1209 125 immediata?
1248 65 1580 128 revelatione.
1773 93 1850 155 39

116 175 434 259 pararant,
477 171 712 253 publice
738 170 926 231 verbis
972 173 1391 233 contumeliosis
1425 177 1673 255 aggrefli
1704 175 1850 250 sunt,

114 258 179 316 &
218 277 335 326 eOS,
382 254 619 317 simulac
660 251 769 312 sese
795 272 1021 312 eorum·
1044 252 1411 315 Hierarchiae
1453 257 1846 337 opponebant,

59 347 63 352 ’
114 359 186 398 eo
218 337 398 399 modo
434 334 839 414 depinxerunt,
886 354 954 393 ac
999 332 1041 392 fi
1092 355 1194 394 nec
1237 334 1367 395 Deo
1405 357 1509 397 nec
1555 338 1849 421 Religioni

8 434 41 469 ὀ
112 421 388 480 servirent
414 417 437 477 ?
485 419 719 476 Annon
751 414 1003 474 violenta
1033 434 1206 480 manu
1226 417 1671 479 Pontificiorum
1700 423 1850 482 tem-

114 502 234 581 pla,
279 501 359 560 ita
385 497 559 568 dicta,
621 496 998 576 occuparunt,
1044 496 1138 554 vel
1167 516 1231 555 ea
1277 498 1720 578 Magistratibus
1763 502 1848 563 in-

110 583 244 641 vitis
273 579 632 640 extorserunt
659 578 680 636 ?
729 579 831 637 An
858 597 977 636 non
1019 575 1245 654 integra
1274 580 1700 659 Magistatuum
1727 586 1850 644 col-

110 661 263 742 legia
306 660 587 740 dignitate
613 659 677 718 &
719 656 1002 739 potestate
1044 657 1366 738 privarunt,
1412 662 1618 741 eosque
1665 679 1848 744 expu-

106 743 320 813 lerunt,
366 743 469 803 sub
514 757 824 821 praetextU,
887 739 1046 819 quod
1093 739 1540 803 Pontificiorum
1585 746 1847 823 opinioni

106 824 283 884 essent
315 823 575 884 addicti?
624 825 791 906 Qos
831 820 1210 900 Magistratus
1263 822 1604 882 Pontificios
1652 841 1845 888 tamen

103 905 283 985 paulo
311 906 444 965 ante
472 919 832 984 agnoverant
851 901 882 961 a
915 903 1047 963 Deo
1082 900 1242 962 fuisse
1275 905 1632 976 constitutOS,
1680 907 1845 987 seque

43 987 46 990 ’
99 986 397 1065 obligatos
442 987 551 1047 effe
596 986 671 1046 ad
714 984 1101 1047 obedientiam
1149 984 1210 1043 ὅτ
1258 984 1668 1062 subjefflonem
1715 988 1846 1068 ipsis

102 1068 508 1147 praestandam,
556 1088 672 1126 non
712 1069 909 1127 solum.
948 1082 1193 1147 propter
1239 1083 1481 1137 metum,
1544 1068 1637 1126 sed
1668 1070 1844 1128 etiam

101 1165 350 1228 propter
403 1147 804 1210 conscientiam
835 1171 849 1209 :
893 1148 1100 1228 quibus
1136 1147 1359 1229 insuper
1403 1146 1506 1226 ipsi
1535 1149 1845 1210 Reforma-

100 1245 180 1290 tae
213 1230 486 1291 Ecclefiae
515 1231 944 1291 concionatores
972 1230 1034 1289 ὅτ
1061 1228 1301 1289 seniores
1346 1227 1461 1288 five
1503 1228 1845 1309 inspectores

81 1310 495 1390 jusjurandum
535 1311 830 1374 fidelitatis
859 1310 1030 1371 ultro
1075 1312 1427 1372 obtulerant.
1512 1310 1595 1369 Et
1621 1312 1840 1391 postea,

98 1413 173 1453 an
216 1413 333 1453 non
370 1394 662 1466 dixerunt,
727 1394 888 1474 quod
916 1393 1164 1474 populus
1211 1408 1472 1453 teneatur
1508 1392 1843 1473 Principem

98 1472 349 1555 impium
391 1475 467 1536 ad
493 1475 957 1537 observationem
985 1475 1150 1535 verbi
1207 1474 1318 1548 Dei
1364 1494 1575 1555 cogere
1606 1475 1627 1533 ?
1675 1477 1843 1554 plura

86 1553 159 1613 ,id
199 1577 379 1636 genus
407 1558 540 1629 alia,
586 1578 716 1638 quae
754 1557 812 1615 in
857 1576 1062 1616 eorum
1104 1555 1380 1616 Historiis
1426 1556 1666 1615 inveniri
1712 1558 1843 1638 pos-

94 1637 245 1707 sunt,
290 1655 358 1698 ut
404 1658 520 1698 non
546 1639 756 1719 loquar
797 1639 870 1698 de
898 1636 1428 1716 multo‘pejo'ribuS,
1473 1658 1606 1717 quae
1637 1639 1841 1718 nostris

95 1719 463 1799 temporibus
505 1719 658 1780 facta
700 1717 924 1790 scimus,
988 1713 1282 1778 brevitatis
1325 1720 1487 1778 causa
1532 1735 1837 1798 praetereo.

91 1800 266 1882 Qid
330 1802 521 1861 dicam
576 1801 650 1860 de
712 1799 1082 1869 LutheraniS,
1156 1820 1407 1880 quorum
1464 1801 1841 1861 tumultuosae

88 1880 344 1942 actiones
391 1900 593 1942 contra
622 1882 1006 1962 Magistratus
1039 1881 1185 1951 suoS,
1238 1880 1409 1940 aliam
1439 1881 1468 1937 a
1505 1882 1840 1943 Lutheranzi

88 1961 441 2023 confeffione
485 1964 667 2023 fidem
696 1962 992 2044 profeff03‚
1031 1959 1246 2042 'paffim
1299 1962 1356 2020 in
1395 1961 1672 2021 Historiis
1720 1964 1839 2023 fide

87 2041 284 2122 dignis
333 2043 775 2124 depinguntur?
841 2065 914 2104 ex
952 2044 1148 2103 multis
1197 2042 1316 2104 aliis
1345 2043 1578 2104 unicum
1609 2060 1837 2106 tantum

85 2126 433 2205 exemplum
489 2125 694 2207 lectori
754 2125 1236 2186 ,considerandum
1293 2146 1590 2206 proponO,
1677 2127 1840 2206 quod.

88 2204 347 2265 Berolini
394 2207 452 2265 in
490 2206 760 2268 Marchia
805 2205 1030 2277 accidit,
1079 2207 1686 2268 Ann01M.DC.XV.
1732 2208 1835 2268 ubi

87 2286 348 2349 ,seditiosa
410 2288 626 2348 civium
676 2290 1152 2350 Lutheranorum
1203 2288 1538 2359 multitudo,
1607 2289 1834 2348 concio-

86 2384 365 2428 natorum
413 2371 648 2430 suorum
685 2371 912 2431 affiduis
942 2369 1291 2433 clamoribus
1342 2370 1372 2429 e
1422 2371 1689 2449 suggesto
1730 2391 1833 2444 fex-

86 2448 285 2522 citata,
331 2470 448 2511 non
490 2452 676 2513 solum
709 2452 1186 2513 concionatorum
1231 2450 1680 2511 reformatorum
1726 2448 1832 2510 do-

84 2550 219 2591 mos
262 2532 323 2591 vi
350 2533 600 2614 effregit,
649 2533 1024 2595 bibliothecas
1074 2533 1300 2602 evertit,
1366 2534 1428 2592 &
1479 2553 1714 2592 omnem
1745 2533 1833 2591 su-

86 2611 439 2750 Belleetssem
469 2614 828 2686 annihilavit,
873 2615 969 2674 sed
1005 2614 1179 2675 etiam
1208 2614 1389 2694 ipsum
1420 2614 1830 2675 Marchionem

144 2693 649 2776 randeburgicum,
681 2695 966 2755 Electoris
994 2694 1254 2764 fratrem,
1295 2695 1564 2755 furiosam
1594 2695 1829 2775 plebem

89 2773 308 2841 verbis
336 2777 559 2837 blandis
601 2776 984 2858 nequicquam
1021 2777 1466 2847 demulcentem,
1531 2795 1829 2837 contume-

86 2852 242 2913 liofis
274 2858 467 2918 verbis
502 2858 566 2916 δε
611 2857 897 2938 lapidibus
939 2860 1190 2937 aggreffi
1219 2858 1364 2929 sunt,
1410 2857 1725 2938 decemque
1754 2880 1827 2920 ex
1885 2928 1888 2930 ‚

86 2933 259 3015 ipsius
302 2936 636 2999 satellitibus
679 2938 1035 3008 occiderunt,
1101 2938 1545 3019 haudquaquam
1587 2960 1826 3020 parcen-

87 3032 174 3076 tes
197 3018 551 3092 Marchioni,
594 3019 693 3099 qui
731 3020 965 3081 tandem
1010 3018 1144 3100 fuga
1176 3021 1531 3103 exipsorum
1562 3020 1824 3083 manibus

55 3097 309 3178 elapsus
367 3100 464 3160 est.
572 3099 669 3162 Ex
724 3100 928 3182 quibus
971 3101 1240 3163 omnibus
1293 3120 1556 3183 apparet,
1628 3103 1824 3182 quanti

83 3177 300 3242 saciant
337 3181 748 3243 authoritatem
778 3182 1165 3264 Magistratus
1197 3208 1216 3250 ;
1274 3183 1336 3242 &
1370 3184 1411 3242 fi
1455 3185 1685 3264 quando
1729 3206 1821 3244 ac-

89 3257 250 3335 cidit,
316 3279 383 3325 ut
410 3264 790 3346 Magistratus
833 3265 1208 3405 eorumDaCta
1247 3267 1549 3347 approbet,
1596 3270 1658 3329 &
1687 3285 1821 3404 cuim

1123 3367 1164 3421 4
1688 3367 1747 3426 lp
1774 3367 1822 3406 is
