2086 3640
710 64 808 126 Ad
863 53 1298 127 REGEM.
1794 67 1872 134 xi.

125 174 216 240 illi
263 172 366 238 soli
407 187 465 244 εἰ
508 176 764 238 veritatis
812 176 930 257 ejus
969 179 1302 249 ministerio,
1348 176 1622 258 quicquid
1670 178 1725 237 in
1758 198 1863 238 me

75 294 77 296 ·
125 259 416 340 producit,
461 250 685 329 dedic0,
731 259 822 319 cui
856 259 959 319 soli
993 260 1414 339 ‘honorsstlaus
1436 261 1701 331 debetur,
1764 280 1862 318 cu-

34 384 51 411 4
116 343 212 419 jus
258 339 466 400 veritas
521 336 683 418 hujus
742 341 898 402 orbis
959 341 1299 420 Principum
1369 341 1693 420 patrocinio
1741 361 1859 401 non

126 439 280 503 eget,
327 419 608 500 quoniam
641 421 943 481 brachium
992 421 1110 500 ejus
1150 434 1207 486 δῖ
1255 422 1436 482 virtus
1481 423 1561 481 est
1598 420 1742 481 illud
1769 422 1858 481 so-

127 507 277 575 lum,
321 502 439 582 quo
482 513 540 567 δί
589 513 973 582 propagatur,
1020 503 1402 569 confirmatur
1451 514 1511 568 ὃς
1556 499 1857 564 stabilitur.

131 584 296 644 Hinc
338 599 533 643 tamen
557 585 914 664 magnopere
965 583 1021 643 in
1072 584 1268 643 animo
1305 602 1436 643 meo
1481 586 1693 663 prefl‘us
1713 585 1859 653 sum,

127 681 192 724 ut
242 664 604 725 occasionem
647 662 989 744 acciperem,
1058 665 1208 723 hunc
1272 665 1491 725 librum
1544 665 1647 727 tibi
1715 665 1861 725 offe-

126 745 309 818 rendi,
382 762 469 816 ut,
522 740 684 806 ficuti
724 745 927 826 saepius
976 766 1047 805 ex
1091 747 1320 825 populo
1384 747 1488 805 illo
1547 747 1861 827 quamplu-

124 826 280 899 rimi,
328 827 427 908 qui
468 827 523 886 in
566 827 790 908 Angli&
831 827 1070 907 degunt,
1118 843 1176 886 te
1198 828 1415 886 hortati
1443 829 1586 898 sunt,
1633 829 1711 888 ita
1754 848 1859 887 nec

111 909 460 990 ‚opportuna
522 929 741 978 careres
807 908 1208 969 admonitione
1265 909 1293 965 a
1330 911 1601 969 membro
1643 909 1860 989 antiqui

121 990 205 1050 tui
248 992 429 1050 Scotioe
475 989 659 1070 regni,
707 1001 766 1056 ὅζ
809 1006 875 1050 ut
917 992 1307 1072 cognoscereS,
1354 989 1536 1069 (quod
1565 1009 1860 1070 nunquam

123 1071 230 1131 tibi
271 1071 589 1132 dolendum
630 1069 754 1131 fore
801 1072 996 1152 spero)
1036 1072 1231 1131 Deum
1281 1072 1335 1130 in
1372 1071 1469 1131 illa
1520 1073 1750 1131 natione
1798 1081 1860 1135 δί

121 1152 419 1224 suscitasse,
465 1163 524 1218 &
565 1153 822 1232 quotidie
857 1153 1148 1234 populum
1193 1153 1344 1213 hunc
1380 1171 1612 1233 augere.
1698 1151 1862 1212 Hinc

119 1234 299 1294 etiam
349 1234 698 1316 cognoscent
745 1252 970 1315 genteS,
1015 1235 1346 1305 veritatem,
1394 1254 1571 1314 quam
1594 1253 1695 1292 nos
1725 1253 1863 1312 pro·

121 1316 381 1388 fitemur,
429 1317 797 1377 tenebrarum
827 1337 974 1397 opus
1004 1337 1121 1376 non
1143 1317 1271 1387 effe,
1319 1336 1422 1375 nec
1453 1315 1694 1376 latenter
1723 1329 1861 1394 pro-

120 1414 419 1477 pagatam,
466 1418 653 1478 neque
690 1398 903 1479 pudere
939 1417 1047 1458 nos
1095 1398 1388 1478 Evangelii
1432 1398 1654 1474 Christi,
1701 1393 1861 1479 quod

113 1479 386 1539 novimus
423 1482 687 1540 virtutem
724 1480 818 1559 effi
848 1481 958 1539 Dei
1006 1480 1081 1540 ad
1108 1480 1340 1559 salutem
1362 1502 1380 1537 .·
1444 1490 1503 1544 8(
1553 1478 1711 1558 quod
1759 1499 1857 1536 ne-

115 1580 228 1639 que
303 1561 448 1620 adeo
498 1580 633 1620 cum
672 1560 1097 1642 gubernatione
1168 1560 1610 1630 inconfistenteS,
1676 1579 1861 1638 neque

117 1641 271 1721 pacis
320 1641 577 1721 publicae
617 1643 1031 1704 disturbatores
1078 1643 1288 1713 sumuS,
1361 1641 1858 1722 quemadmodum

118 1723 526 1783 calumniando
558 1724 826 1803 gentibus
865 1724 1201 1803 persuadere
1254 1724 1565 1783 voluerunt
1600 1721 1862 1782 adversa-

120 1804 192 1862 rii
229 1803 429 1874 nostri,
499 1805 570 1863 de
620 1825 742 1884 quo
794 1806 869 1864 ad
916 1819 971 1863 te
1011 1825 1358 1883 provocare,
1434 1822 1600 1884 teque
1656 1803 1860 1864 testem

120 1884 551 1965 tranquillitatis
591 1885 654 1944 ὅτ
699 1885 1037 1946 Christianae
1068 1888 1279 1947 nostrae
1299 1885 1738 1946 conversationis
1759 1903 1862 1966 ap·

116 1966 344 2046 vpellare
382 1967 696 2047 pofl‘umuS.
1202 2023 1212 2028 ,

197 2048 658 2110 SUCCEDENTES
708 2049 1101 2129 generationes
1136 2070 1251 2109 non
1283 2049 1467 2131 magis
1497 2049 1863 2111 mirabuntur

119 2127 468 2210 singularem
511 2130 679 2190 illum
720 2131 929 2191 divinae
973 2131 1350 2212 providentiae
1389 2132 1641 2212 gradum
1684 2129 1740 2189 in
1763 2150 1865 2203 're-

118 2211 468 2273 stauratione
511 2212 607 2271 tua
638 2211 712 2272 ad
760 2212 1039 2273 thronum
1069 2212 1183 2273 fine
1232 2213 1510 2293 sanguinis
1542 2212 1856 2280 effufione,

117 2293 295 2373 quarn
331 2295 507 2355 etiam
537 2291 906 2354 mirabuntur
952 2295 1372 2357 incrementum
1402 2295 1464 2353 &
1491 2294 1860 2374 progressum

115 2373 285 2455 hujus
341 2375 601 2436 veritatis
650 2373 765 2436 fine
809 2376 1041 2436 externa
1106 2397 1217 2458 ope
1268 2377 1326 2435 &
1378 2393 1581 2436 contra
1634 2374 1855 2434 tantam

118 2456 568 2537 oppofitionem,
617 2475 750 2536 quae
791 2478 909 2517 non
947 2458 1055 2519 erit
1109 2480 1180 2536 ex
1223 2461 1391 2519 rebus
1437 2456 1687 2517 minimis
1724 2473 1853 2515 vme-

52 2560 63 2573 s
121 2538 371 2598 moriam
417 2554 578 2598 tuam
625 2538 909 2599 illustrem
959 2540 1344 2601 reddentibus,
1431 2540 1586 2599 Deus
1641 2557 1753 2618 pro
1797 2552 1854 2595 te

119 2639 333 2699 magna
370 2622 528 2692 fecit,
593 2620 831 2701 satisque
869 2620 976 2682 tibi
1024 2621 1289 2693 ostendit,
1352 2621 1508 2699 quod
1559 2636 1660 2696 per
1698 2618 1855 2678 illum

36 2776 39 2779 Ι
121 2701 398 2780 Principes
436 2714 667 2783 regnent,
742 2700 975 2784 quo‘dque
1002 2703 1151 2782 poffit
1195 2702 1470 2762 detrudere
1512 2703 1581 2763 &
1635 2701 1854 2760 evehere

120 2789 240 2860 quos
285 2784 430 2854 vult,
475 2784 547 2846 δέ
594 2783 801 2864 quando
855 2783 995 2843 vult.
1083 2786 1247 2863 Saepe
1295 2782 1543 2842 fideliter
1601 2799 1655 2840 te
1717 2782 1850 2840 hor·

123 2878 274 2921 tatus
318 2865 410 2924 'est
449 2885 552 2944 per
594 2865 879 2923 ministros
908 2864 1053 2934 suOS,
1100 2885 1171 2923 ex
1207 2884 1322 2945 quo
1351 2863 1427 2923 ad
1447 2864 1703 2944 regalem
1724 2863 1854 2942 dig-

123 2942 367 3003 nitatem
431 2945 768 3004 restauravit
804 2959 879 3014 te,
952 2963 1022 3004 ne
1061 2943 1118 3004 in
1161 2945 1332 3005 corde
1383 2963 1483 3005 tuo
1539 2945 1855 3004 luxuriares

125 3039 328 3084 contra
376 3044 532 3096 eum,
586 3023 647 3083 &
682 3022 1081 3087 misericordiae
1118 3026 1234 3106 ejus
1257 3027 1317 3085 &
1339 3025 1717 3106 providentiae
1745 3027 1853 3085 ob-

128 3103 483 3177 liviscereris,
536 3126 606 3165 ne
626 3105 756 3165 inde
794 3106 1231 3186 permitteret'te
1260 3109 1315 3166 in
1345 3107 1730 3187 iniquitatibus
1758 3107 1855 3166 de-

125 3187 388 3258 mulceri,
448 3186 869 3246 adulationibus
887 3187 1232 3260 aulicorum,
1287 3189 1385 3269 qui
1432 3189 1715 3249 blanditiis
1747 3188 1855 3247 suis

135 3267 458 3330 multorum
498 3266 835 3348 Principum
886 3269 1044 3328 ruina
1083 3269 1225 3332 sunt.
1311 3271 1454 3331 Non
1493 3270 1574 3332 est
1622 3271 1678 3331 in
1721 3271 1863 3330 orbe

975 3351 1014 3409 b
1061 3369 1091 3408 2
1738 3353 1869 3410 Rex
