2086 3640
217 123 307 181 De
324 115 625 195 >universali
644 117 712 178 ἐξ
734 117 1016 196 salutifero
1045 116 1240 177 lumine
1264 120 1394 197 Jcsu
1421 118 1635 195 Christi.
1709 126 1739 180 8
1750 143 1781 200 3

70 291 76 297 ‚
145 228 339 308 Qon
384 220 459 281 ad
495 220 820 279 doctrinam
843 221 1064 289 attinet,
1096 239 1271 300 quam
1311 225 1403 282 hae
1432 223 1604 282 theses
1627 243 1789 291 max-

33 299 177 374 ime
217 317 571 386 expugnant,
612 299 875 360 absoluta
917 301 1253 381 reprobatio
1293 302 1545 371 dicitur,
1595 303 1787 364 secun-

12 458 16 460 ,
60 388 202 446 dum
236 405 411 466 quam
456 380 632 461 aliqui
671 401 788 440 non
828 379 1097 441 dubitant
1136 384 1448 454 affirmare,
1495 385 1685 445 Deum
1714 385 1789 445 ad

59 467 462 549 'sempiternam
509 462 938 521 damnationem
981 462 1394 541 praedestinaffe
1431 486 1499 524 ex
1542 467 1789 534 homini—

62 548 168 611 bus
206 547 380 637 longe
400 542 712 604 maximam
734 557 961 625 partem
987 566 1005 608 ·,
1054 543 1240 620 idque,
1265 563 1379 603 non
1402 546 1785 623 confideratiS,

59 646 126 690 ut
165 645 359 698 creati,
411 624 600 685 multo
641 621 845 695 mium,
888 638 955 682 ut
995 621 1139 703 lapsi
1174 624 1318 695 sunt,
1382 627 1547 685 nullo
1585 629 1789 690 habito

58 706 456 772 inobedientiae
491 706 583 765 seu
620 704 844 786 peccati
883 703 1159 783 respecTU,
1207 705 1302 764 sed
1329 706 1693 770 solummodo
1714 711 1789 772 ad

56 787 558 851 demonstrandam
588 785 824 866 justitiae
863 783 1116 867 gloriam
1149 810 1162 846 z
1221 786 1486 867 quodque
1517 789 1672 848 Deus
1713 791 1787 850 ad

58 870 170 944 hoc
210 869 629 953 perficiendum
668 867 1054 938 destinaverit,
1100 882 1169 926 ut
1201 867 1419 928 miserae
1458 870 1548 930 hae
1578 871 1788 930 animae

56 951 360 1014 necessario
400 952 458 1011 in
510 949 806 1030 iniquitate
865 947 1242 1019 versarentur,
1309 965 1374 1008 ut
1423 949 1634 1027 justitia
1689 951 1789 1012 sua

57 1032 154 1094 eos
191 1033 321 1114 jure
364 1031 802 1113 reprehenderet
849 1029 911 1089 ὅτ
937 1030 1262 1110 affligeret:
1326 1029 1567 1111 ideoque
1591 1033 1786 1094 Deum

63 1135 179 1188 non
218 1116 406 1175 solum
454 1112 575 1195 pati
617 1111 746 1171 illos
785 1110 915 1170 huic
951 1111 1191 1172 miseriae
1221 1109 1277 1169 in
1320 1111 1581 1190 pluribus
1626 1113 1788 1172 orbis

63 1197 203 1256 locis
239 1198 346 1256 effe
394 1194 698 1266 obnoxiOS,
744 1191 1127 1253 subtrahendo
1156 1191 1461 1272 Evangelii
1509 1194 1786 1272 praedica-

59 1280 298 1349 tionem,
342 1277 405 1335 δε
441 1277 652 1336 Christi
684 1274 1119 1355 cognitionem3
1163 1274 1257 1334 sed
1297 1274 1470 1334 etiam
1508 1274 1564 1332 in
1602 1275 1666 1333 iis
1696 1275 1786 1334 lo-

57 1359 157 1430 ciS,
202 1358 303 1418 ubi
340 1357 724 1438 Evangelium
761 1356 1130 1436 praedicatur,
1177 1356 1238 1414 &
1265 1354 1405 1414 salus
1434 1376 1536 1435 per
1566 1356 1785 1415 Christ-

56 1439 158 1504 {um
179 1439 373 1500 oblata
402 1439 526 1499 est:
570 1439 633 1498 &
681 1438 817 1499 licet
853 1437 1084 1518 publice
1128 1437 1188 1496 δε
1227 1436 1423 1515 aperte
1454 1437 1675 1508 invitet,
1721 1439 1783 1497 δε

0 1528 1 1554 ³
47 1519 198 1602 juste
251 1536 492 1600 propter
539 1519 984 1580 inobedientiam
1035 1519 1345 1579 recusantes
1393 1517 1454 1576 &
1502 1519 1782 1579 rebellan-

58 1618 141 1663 tes
174 1602 538 1673 condemnet,
583 1601 833 1683 gratiam
877 1616 1070 1659 tamen
1113 1601 1188 1660 ab
1228 1599 1340 1658 illis
1387 1619 1621 1660 omnem
1651 1621 1781 1659 om-

57 1683 195 1743 nino
254 1682 607 1755 subtraxisse,
680 1681 793 1760 qua
851 1681 1115 1762 poffibile
1156 1678 1339 1739 fuiffet
1395 1680 1781 1762 Evangelium

58 1762 508 1844 apprehendere,
568 1761 703 1843 quia
742 1761 954 1822 scilicet
1010 1762 1216 1821 secreta
1256 1761 1556 1822 voluntate
1596 1763 1783 1823 omni-

66 1846 172 1906 bus
214 1843 410 1925 ignota
459 1844 748 1904 ordinavit
805 1844 867 1902 δι
920 1842 1179 1901 decrevit
1226 1847 1366 1919 (non
1410 1843 1609 1903 habito
1657 1845 1782 1905 ino-

59 1926 364 1986 bedientiae
400 1925 494 1984 seu
522 1925 743 2006 peccati
783 1923 1020 1984 illorum
1061 1925 1340 2004 respectu)
1373 1940 1439 1982 ut
1482 1945 1596 1982 non
1643 1928 1783 1987 obe-

55 2007 239 2079 diant,
285 2008 349 2067 &
396 2005 791 2086 Evangelium¹
832 2024 1127 2084 nunquam
1176 2005 1249 2064 ad
1294 2025 1496 2065 eorum
1543 2006 1783 2068 salutem

54 2088 263 2149 efficax
302 2086 565 2150 futurum
611 2087 700 2159 fit,
761 2087 856 2146 sed
893 2086 1259 2146 solummodo
1301 2087 1372 2146 ad
1416 2089 1781 2149 accumulan-

55 2168 194 2230 dam
234 2171 295 2229 &
343 2168 798 2229 coacervandam
836 2168 1391 2229 condemnationem.

137 2254 331 2334 Qoo
355 2250 430 2310 ad
451 2251 619 2321 hane,
651 2249 909 2330 inquam,
932 2250 1271 2310 horribilem
1300 2251 1359 2309 δε
1387 2247 1784 2331 blasphemam

55 2332 384 2392 doctrinam
419 2331 744 2411 negandam
785 2331 1010 2405 attinet,
1057 2332 1216 2391 causa
1254 2333 1444 2392 nostra
1480 2354 1612 2391 cum
1660 2334 1784 2394 aliis

57 2411 456 2493 compluribus
497 2414 818 2472 communis
849 2413 951 2485 est,
997 2413 1181 2496 qui&
1208 2414 1780 2494 sapienter&docte,

56 2493 369 2556 secundum
389 2494 732 2574 Scriptura5‚
767 2493 1067 2566 rationem,
1114 2496 1175 2553 ὅτ
1196 2496 1613 2575 antiquitatem,
1640 2497 1784 2556 hanc

59 2573 386 2637 doctrinam
430 2574 768 2635 refiitarunt.
854 2577 1010 2636 Cum
1039 2576 1217 2655 igitur
1240 2593 1439 2636 contra
1469 2575 1631 2636 illam
1661 2583 1786 2637 tan-

61 2670 213 2728 tum,
254 2657 318 2716 &
354 2669 479 2717 tam‘
519 2656 664 2718 bene
714 2656 980 2716 hactenus
1029 2657 1249 2717 dietum
1289 2658 1377 2729 fit,
1425 2673 1491 2715 ut
1532 2657 1633 2718 vix
1682 2659 1788 2718 ali-

62 2735 225 2815 quid,
287 2736 388 2797 nifi
437 2736 597 2820 quod
640 2737 795 2818 prius
843 2736 1064 2798 dictum
1107 2738 1176 2796 fit
1218 2737 1535 2819 superaddi,
1587 2742 1782 2820 possit,

62 2815 177 2876 hoc
213 2817 346 2878 loco
381 2819 631 2880 breviter
658 2839 849 2899 agam.
933 2820 1044 2878 Sed
1074 2819 1344 2899 quoniam
1387 2820 1527 2879 mihi
1557 2821 1612 2879 in
1642 2821 1788 2882 hanc

63 2917 190 2957 rem
250 2899 592 2978 ingredienti
631 2901 775 2959 adeo
815 2900 1030 2960 directe
1080 2901 1344 2982 opposita
1395 2901 1485 2973 fit,
1551 2903 1789 2963 omnino

59 2978 188 3040 alto
237 2978 462 3041 filentio
508 2981 744 3041 translre
787 3001 903 3042 non
948 2980 1104 3042 duxi.

141 3059 643 3122 I.¹DOCTR1NAM
687 3063 834 3125 hanc
894 3063 1104 3123 merito
1152 3084 1364 3124 novam
1412 3086 1622 3124 vocare
1662 3065 1793 3145 pos·

61 3137 276 3213 furnus,
335 3143 468 3223 quia
528 3143 688 3203 nulla
729 3152 947 3204 mentio
995 3144 1111 3223 ejus
1165 3146 1237 3204 fit
1278 3147 1478 3226 primis
1523 3146 1789 3226 quadrin-

30 3222 251 3301 ssgentis
312 3224 342 3282 a
414 3224 645 3284 Christo
698 3225 899 3286 annis:
967 3223 1109 3286 ficut
1161 3226 1314 3288 enim
1363 3227 1667 3307 Scripturis
1730 3227 1792 3286 δε

70 3316 287 3369 naturae
340 3303 644 3389 Evangelii
692 3306 978 3455 contrarg
1031 3307 1134 3384 est,
1199 3310 1277 3371 ita
1335 3325 1546 3373 veteres
1594 3329 1796 3370 omnes

1016 3405 1046 3448 2
1618 3390 1795 3470 scrip-
