2086 3640
254 140 380 199 334
504 119 982 182 THESIS
1065 120 1816 193 UNDECIMA.

249 230 661 289 restauraturus
711 227 812 299 est,
874 224 1113 286 educens
1169 223 1455 307 populum
1503 226 1663 289 suum
1706 234 1781 294 ab
1821 237 1980 296 omni

245 309 638 389 superstitione
697 309 757 367 ὅτ
795 307 946 367 nuda
990 306 1358 367 formalitate.
1441 309 1604 368 Statu
1649 329 1980 375 controver-

251 390 346 450 fiae
384 391 445 447 &
483 390 635 449 sensu
684 389 881 449 nostro
922 389 1034 448 hoc
1067 389 1245 448 modo
1280 387 1611 466 explanato,
1683 392 1744 450 &
1785 398 1976 456 multis

246 470 667 553 objeffionibus
697 473 1138 551 praeoccupatiS,
1185 468 1406 531 caeteris
1428 470 1711 550 responsio
1752 475 1983 537 brevior

246 554 308 611 &
337 551 560 611 facilior
606 551 715 611 erit
755 573 768 610 :
834 553 978 612 hanc
1018 552 1374 631 spiritualem
1421 551 1739 613 orationem
1790 556 1981 635 primo

246 634 518 714 probabo
562 632 829 694 brevibus
869 633 1203 714 quibusdam
1229 634 1258 692 e
1300 631 1592 711 Scriptura
1616 634 1982 698 confiderati-

246 716 478 788 onibuS,
524 714 586 773 &
627 730 763 775 tunc
791 714 1246 775 adversariorum
1290 712 1704 790 objeffionibus
1744 718 1985 798 respon.

251 797 426 867 deb0‚
494 818 612 876 quo
659 797 835 857 etiam
870 815 1076 857 eorum
1116 794 1320 857 orandi
1356 795 1658 857 methodus
1705 797 1768 856 ὅτ
1793 796 1983 860 forma

252 877 614 938 refutabitur.

336 959 537 1019 XXIL
586 960 810 1019 PR1M0
838 973 1056 1029 autem,
1101 960 1258 1039 quod
1281 957 1580 1019 necessaria
1622 957 1694 1018 fit
1718 959 1846 1020 haeo
1865 961 1981 1021 ani-

253 1041 335 1101 mi
385 1038 726 1100 introverfio
786 1040 1035 1100 orationi
1076 1042 1313 1120 praevia,
1379 1054 1446 1097 ut
1500 1036 1740 1119 Spiritus
1780 1041 1986 1102 ducere

249 1122 541 1192 sentiatur,
589 1137 852 1201 apparet,
898 1121 1167 1201 quoniam
1215 1119 1494 1202 plerisque
1543 1120 1607 1179 iis
1657 1120 1815 1192 loci3‚
1861 1124 1985 1204 qui-

254 1204 360 1263 bus
398 1202 585 1262 oratio
615 1201 974 1282 praecipitur,
1020 1203 1317 1282 vigilantia
1356 1201 1685 1282 praefigitur
1721 1203 1806 1263 uti
1834 1224 1988 1284 prae-

253 1285 457 1343 cedere
498 1283 817 1353 neceflaria‚
884 1300 950 1343 ut
994 1285 1213 1344 Matth.
1256 1284 1414 1345 xxiv,
1458 1301 1556 1358 42.
1630 1284 1821 1344 Marc.
1865 1285 1980 1344 xiii.

252 1386 353 1442 33.
417 1365 531 1424 xiv.
583 1369 677 1442 38.
739 1365 886 1422 Luc,
927 1365 1042 1424 xxi.
1096 1366 1190 1442 35.
1255 1387 1326 1425 ex
1373 1364 1577 1444 quibus
1625 1364 1983 1425 luculentum

247 1446 350 1515 est,
398 1444 759 1524 vigilantiam
798 1446 941 1504 hanc
969 1447 1288 1505 orationem
1321 1444 1542 1526 praeire.
1629 1449 1769 1528 Qo
1785 1462 1984 1508 autem

254 1528 369 1586 fine
419 1528 498 1584 est
541 1527 665 1584 haec
712 1525 1034 1603 vigilantia,
1078 1528 1169 1585 vel
1211 1527 1349 1605 quid
1396 1523 1496 1593 est,
1540 1525 1642 1583 nifi
1683 1527 1858 1585 animi
1899 1544 1983 1586 at-

254 1608 436 1668 tentio
475 1607 550 1666 ad
595 1606 703 1665 Dei
742 1605 1047 1685 Spiritum,
1112 1623 1177 1666 ut
1217 1628 1350 1666 eum
1393 1604 1466 1666 ad
1513 1607 1838 1666 orationem
1878 1607 1986 1666 du-

256 1709 384 1748 cere
427 1688 648 1758 sentiat,
715 1709 835 1768 quo
883 1687 1101 1747 utiliter
1143 1687 1488 1769 praestetur?
1553 1690 1686 1747 cum
1729 1688 1879 1748 enim
1929 1688 1988 1748 in

254 1771 474 1850 Spiritu
532 1790 699 1828 orare
735 1769 955 1849 semper
991 1769 1318 1843 debeamus,
1385 1769 1446 1826 δε
1495 1768 1608 1828 fine
1657 1769 1763 1828 illo
1812 1769 1843 1828 ἑ
1884 1791 1988 1830 no-

253 1852 461 1912 bismet
503 1851 635 1931 ipfis
676 1871 842 1910 orare
878 1871 993 1909 non
1031 1854 1327 1931 poflimuS‚
1375 1852 1499 1911 haec
1534 1850 1832 1931 vigilantia
1874 1851 1986 1911 hoc

256 1934 372 1992 fine
396 1934 560 1994 nobis
589 1931 1049 2003 commendatur,
1094 1948 1161 1992 ut
1188 1933 1547 1993 attendamus
1579 1931 1640 1990 &
1660 1931 1990 2012 vigilemuS‚

251 2031 656 2093 opportunum
701 2029 924 2094 tempus
963 2013 1034 2071 ad
1074 2014 1356 2073 orandum
1397 2013 1723 2085 observare,
1782 2013 1988 2075 videli-

255 2111 370 2165 cet,
416 2095 644 2174 quando
691 2109 895 2152 movet
921 2094 1181 2172 SpirituS.
1266 2095 1546 2164 Secundo,
1592 2095 1718 2154 haec
1755 2097 1987 2154 necesti-

254 2192 342 2236 tas
392 2191 658 2235 motuum
701 2175 761 2233 &
813 2172 1125 2252 adjumenti
1165 2175 1408 2255 Spiritus
1453 2175 1682 2234 abunde
1743 2191 1989 2256 apparet

253 2277 327 2317 ex
377 2257 482 2315 illo
514 2257 678 2317 Pauli
722 2256 995 2335 Apostoli
1053 2255 1125 2315 ad
1180 2257 1356 2315 Rom.
1407 2255 1523 2314 viii.
1578 2257 1674 2327 26,
1725 2275 1820 2334 27.
1904 2259 1989 2316 Si-

257 2338 453 2398 militer
501 2352 672 2398 autem
722 2338 790 2399 ἑά
821 2340 1049 2414 Spiritus
1077 2338 1302 2418 adjuvat
1322 2339 1681 2413 infirmitatem
1709 2340 1941 2415 nostram
1969 2361 1988 2397 :

252 2442 381 2479 nam
418 2421 545 2500 quid
575 2441 796 2490 oremus,
828 2422 970 2496 stcut
1007 2433 1223 2496 oportet,
1269 2421 1528 2498 nescimus,
1559 2419 1658 2496 sed
1682 2420 1783 2498 ipse
1810 2421 1983 2500 Spjri-

255 2515 338 2560 tus
361 2502 595 2579 postulat
605 2519 707 2579 pro
736 2502 876 2560 nobis
891 2502 1164 2581 gemitibus
1185 2501 1644 2561 inenarrabilibus.
1680 2502 1794 2582 Qi
1812 2515 1984 2561 autem

237 2585 520 2662 strutatur
546 2583 721 2653 corda,
759 2581 883 2659 scit,
916 2581 1046 2661 quid
1059 2582 1302 2659 defideret
1323 2585 1550 2660 Spiritus
1585 2608 1602 2648 ·‚
1647 2588 1772 2664 quia
1799 2583 1984 2662 secun-

256 2665 380 2724 dum
408 2667 583 2725 Deum
603 2664 838 2742 postulat
847 2680 951 2742 pro
981 2666 1202 2723 Santtis.
1290 2667 1431 2746 Qo
1460 2664 1766 2724 exhibetur
1798 2663 1988 2724 homi-

250 2746 337 2804 nis
364 2745 706 2826 incapacitas
736 2768 804 2806 ex
830 2744 879 2803 se
919 2744 990 2803 ad
1029 2744 1332 2815 orandum,
1377 2745 1467 2805 vel
1501 2746 1693 2805 Deum
1716 2745 1986 2805 invocan-
2028 2753 2042 2759 “

251 2826 396 2885 dum
435 2828 491 2886 in
532 2828 830 2886 voluntate
878 2826 992 2896 sua,
1039 2826 1159 2885 imo
1201 2826 1375 2886 etiam
1417 2847 1642 2898 eorum,
1688 2826 1786 2906 qui
1809 2826 1984 2885 fidem

253 2907 466 2968 Christi
509 2923 838 2988 receperant
887 2907 947 2966 δε
1003 2908 1308 2968 secundum
1359 2908 1612 2987 aliquam
1663 2907 1982 2967 mensuram

249 2988 583 3049 san&ificati
624 2990 770 3060 sunt,
819 2988 962 3050 sicut
983 3006 1104 3049 erat
1132 2988 1363 3049 ecclefia
1393 2990 1680 3060 Romana,
1726 2986 1816 3047 cui
1843 3001 1979 3044 tunc

245 3069 529 3130 scribebat
551 3070 890 3150 Apostolus,
981 3072 1187 3141 Porr0‚
1239 3070 1330 3129 hic
1369 3071 1527 3131 locus
1558 3068 1702 3128 illud
1721 3067 1976 3134 denotat,

224 3170 361 3228 ‚quo
404 3151 776 3211 solummodo
824 3149 1016 3229 juvari
1048 3151 1300 3211 homines
1331 3153 1402 3212 ad
1435 3150 1712 3211 orandum
1741 3148 1973 3226 poffi-nt,

249 3229 516 3310 videlicet
551 3233 854 3312 Spiritum,
902 3232 1015 3292 fine
1043 3254 1160 3313 quo
1201 3254 1306 3292 nec
1348 3227 1775 3310 acceptabiliter
1826 3227 1975 3299 Dee,

247 3330 355 3372 nec
398 3310 501 3371 fibi
538 3314 776 3385 utiliter,
825 3334 989 3374 orare
1030 3315 1281 3396 poffunt.
1363 3310 1608 3380 Deinde,
1656 3307 1897 3448 mochlugn
1922 3309 1983 3366 δε

1623 3404 1747 3448 met
1783 3411 1820 3450 o
1866 3410 1971 3449 um
