2086 3640
224 115 344 188 482
436 113 723 176 THES
754 111 853 172 Is
914 110 974 171 D
1006 106 1394 170 ECJMA
1430 109 1867 190 QUINTA.

242 239 475 285 ternum
514 224 589 284 ad
625 222 952 283 nocendum
980 224 1040 282 δι
1085 221 1404 283 necandum
1445 221 1771 285 instituitur.
1854 223 1983 298 Sep-

242 309 398 379 timo,
438 305 573 384 quia
615 304 870 365 Christus
897 303 1063 376 dixit,
1109 306 1243 385 Joh.
1264 303 1420 363 xviii.
1453 303 1545 380 36.
1583 303 1742 383 quod
1764 324 1983 383 regnum

244 390 354 470 ejus
399 409 501 448 non
542 387 613 465 est
655 383 718 446 de
755 387 848 447 hoc
886 387 1095 463 mundo,
1152 386 1213 444 δε
1259 384 1505 466 proinde
1552 385 1710 466 quod
1756 385 1984 461 ministri

246 472 355 546 ejus
402 472 579 548 utique
624 489 723 528 non
772 467 1042 531 decertant
1062 490 1080 526 :
1142 466 1312 547 Ergo
1344 466 1445 546 qui
1491 466 1806 537 decertant,
1866 464 1987 543 ejus

245 548 515 630 discipuli
553 549 649 609 vel
691 548 832 609 servi
885 570 1007 610 non
1049 549 1194 611 sunt.
1279 549 1518 620 Οἷῐαυό,
1563 547 1698 628 quia
1741 547 1987 610 Petrum

249 631 570 712 increpavit
598 647 846 711 propter
885 633 1048 691 usum
1087 628 1264 711 gladii
1300 630 1439 711 ejus,
1487 628 1763 710 inquiens»
1806 629 1990 692 Matt.

249 713 409 774 xxvi.
453 732 551 790 52.
600 711 863 773 Converte
890 713 1132 793 gladium
1150 725 1297 773 tuum
1344 716 1400 773 in
1451 712 1616 773 locum
1641 711 1840 790 ficum:
1880 731 1991 768 om·

250 815 342 859 nes
377 797 531 864 enim,
557 797 648 874 qui
674 808 981 872 acceperunt
1012 794 1275 875 gladium,
1316 795 1495 875 gladio
1521 793 1792 872 peribunt.
1851 790 1991 873 Qa

251 875 328 938 de
374 895 435 936 re
483 874 879 936 Tertullianus
933 874 1174 956 pulchre
1221 874 1482 954 loquitur
1525 875 1624 937 lib,
1667 873 1740 935 de
1780 871 1994 933 Idolol.

253 957 525 1038 Qomodo
566 960 622 1018 in
668 973 802 1036 pace
841 958 1092 1018 militabit
1126 959 1248 1034 stne
1285 957 1489 1038 gladio,
1534 979 1682 1038 quem
1729 956 1996 1015 Dominus

254 1038 473 1117 abstulit
499 1039 529 1097 ἕ
593 1038 744 1099 Nam
787 1042 877 1117 etfi
913 1039 1161 1100 adierant
1201 1039 1390 1100 milites
1428 1039 1504 1100 ad
1547 1039 1874 1116 Johannem,
1922 1034 1994 1095 δέ’

236 1123 483 1199 formam
529 1121 901 1200 observationis
945 1133 1271 1198 acceperant,
1301 1123 1359 1200 st
1399 1124 1558 1181 etiam
1601 1120 1852 1179 Centurio
1881 1137 1995 1176 cre-

255 1198 490 1273 diderat,
534 1224 732 1262 omnem
747 1204 926 1280 postea
970 1202 1189 1262 militem
1228 1206 1287 1262 in
1332 1205 1498 1263 Petro
1545 1199 1870 1262 exarmando
1898 1197 1996 1276 dis-

255 1286 441 1348 cinxit.
520 1282 685 1343 Idem
707 1282 779 1342 de
816 1286 994 1348 Coro,
1022 1283 1144 1344 mil.
1169 1283 1511 1364 interrogat,
1545 1283 1718 1343 licebit
1747 1285 1802 1342 in
1817 1279 2000 1362 gladio

256 1364 581 1442 conversari,
626 1366 856 1425 Domino
886 1368 1294 1443 pronunciante,
1349 1366 1529 1447 gladio
1547 1368 1877 1444 periturum,
1910 1363 1999 1442 qui

251 1446 438 1529 gladio
455 1447 634 1524 fuerit
660 1447 776 1525 ufits
795 1446 826 1504 ἓ
871 1446 1052 1517 Nono,
1085 1446 1220 1525 quia
1241 1463 1441 1507 monet
1470 1445 1800 1528 Apostolus
1830 1442 1999 1503 Chri-

258 1527 489 1596 stianos,
554 1523 734 1590 Rom]
788 1526 886 1592 xii.
938 1547 1025 1607 19.
1088 1547 1154 1587 ne
1197 1528 1489 1607 semetipsos
1543 1526 1843 1606 defendant,
1908 1523 2004 1584 vel
2047 1560 2051 1584 e

260 1607 527 1670 reddentes
565 1607 767 1669 malum
802 1624 908 1686 pro
943 1607 1084 1668 malo
1124 1607 1460 1689 ulcistantur‚
1511 1608 1612 1690 fid
1656 1607 1787 1668 dare
1834 1605 2003 1667 locum

260 1693 376 1761 free,
436 1692 564 1771 quia
620 1688 865 1751 vinditta
899 1691 970 1769 est
1019 1691 1301 1758 Domino·,
1365 1689 1505 1751 nolle
1549 1693 1698 1751 vinci
1745 1690 1782 1749 ἆ
1834 1687 2000 1759 malo,
2047 1691 2050 1704 '

249 1771 348 1855 sed
381 1776 595 1832 vincere
635 1773 690 1831 in
738 1773 864 1837 bono
909 1771 1114 1832 malum
1141 1794 1160 1830 .·
1203 1773 1495 1845 inimicum,
1519 1773 1579 1851 si
1623 1770 1885 1851 qlicrie‘rit,
1930 1773 2007 1830 ci·

260 1855 438 1921 bare3
486 1855 543 1932 st
567 1856 791 1931 sitierit,
825 1866 1010 1932 potum
1053 1852 1292 1915 cidare:
1332 1855 1445 1914 Sed
1486 1853 1711 1916 bellurn
1740 1873 1845 1933 per
1873 1871 2005 1913 om—

262 1935 358 1996 nia
394 1934 563 2014 plane
606 1935 893 1995 contraria
931 1934 1108 1995 docet
1140 1937 1204 1996 &
1246 1933 1510 2016 injungit.
1594 1935 1838 2006 Decimo,
1870 1935 2006 2013 quia

264 2015 526 2076 Christus
569 2014 696 2074 suos
734 2031 914 2076 vocat
952 2036 1155 2076 crucem
1194 2019 1355 2096 fitam
1386 2015 1652 2100 bajulare,
1725 2037 1829 2076 non
1871 2014 2007 2076 alios

262 2097 565 2178 crucifigere
609 2095 705 2156 vel
739 2096 966 2158 occidere
983 2119 1002 2155 .·
1045 2098 1119 2157 ad
1145 2101 1482 2175 patientiam,
1528 2118 1645 2159 non
1673 2097 1744 2156 ad
1773 2096 2008 2157 vindin-

265 2200 357 2238 am
378 2200 397 2235 .·
439 2177 514 2236 ad
540 2180 823 2238 veritatem
860 2178 930 2241 &⁹
954 2178 1374 2257 simplicitatem,
1405 2200 1522 2240 non
1555 2178 1629 2239 ad
1668 2178 1841 2258 dolosa
1853 2178 2007 2255 stra-

224 2295 227 2297 >
265 2271 532 2340 tagemata
559 2258 698 2329 belli,
737 2258 830 2319 vel
863 2259 935 2319 ad
955 2259 1336 2342 sycophantam
1355 2260 1669 2340 agendum,
1702 2260 1863 2340 quod
1891 2259 2008 2340 ipse

267 2341 557 2421 Johannes
584 2355 747 2400 vetat
775 2360 789 2398 :
834 2339 912 2400 ad
919 2340 1150 2422 gloriam
1165 2342 1318 2424 hujus
1338 2341 1520 2402 mundi
1531 2341 1870 2423 fugiendam,
1890 2361 2006 2402 non

267 2421 347 2481 ad
381 2443 497 2481 eam
524 2420 765 2500 bellicosts
798 2423 1064 2482 conatibus
1100 2423 1491 2505 acquirendam.
1573 2422 1663 2483 Ita
1684 2441 1791 2502 per
1810 2421 2006 2482 omnia
2040 2455 2042 2459 ·

268 2501 384 2582 legi
409 2501 619 2561 Christi
639 2501 700 2561 &
721 2501 957 2583 Spiritui
977 2504 1207 2585 prorsus
1230 2504 1584 2565 contrarium
1605 2503 1686 2563 est
1705 2503 1944 2565 bellurn.

353 2583 494 2645 XV,v
536 2585 573 2643 S
596 2605 628 2643 E
655 2605 693 2644 D
738 2585 1002 2666 objiciunt,
1046 2583 1269 2665 licitum
1317 2585 1425 2646 esse
1467 2584 1831 2665 belligerare,
1873 2582 2008 2664 quia
2039 2591 2041 2594 ⁴

269 2663 581 2726 Abraham
626 2664 847 2726 bellum
895 2667 1068 2746 gessit
1115 2682 1261 2727 ante.
1288 2666 1516 2747 Legem
1547 2667 1768 2737 datam,
1798 2714 1803 2722 i
1831 2665 1893 2725 &
1929 2665 2007 2726 Is-

268 2745 491 2806 rae'litae
551 2746 682 2826 post
736 2745 937 2807 datam
993 2746 1241 2829 Legem.
1325 2748 1623 2828 Respondeo
1682 2763 1750 2807 ut
1809 2762 2026 2819 antea,-

278 2850 329 2889 1.
373 2825 559 2909 Qod
601 2824 909 2888 Abraham
942 2845 1015 2888 eo
1042 2843 1309 2909 tempore
1354 2829 1619 2892 vidtimas
1660 2827 1898 2899 obtulit,
1942 2829 2006 2888 δε

269 2907 551 2968 masculos
593 2906 996 2976 circumcidit3
1074 2930 1209 2991 quae
1245 2925 1441 2970 tamen
1496 2908 1659 2974 nobis
1713 2930 1832 2969 non
1878 2909 2009 2970 sunt
2044 2923 2046 2962 ῑ

272 2989 432 3055 licita
478 2989 582 3050 sub
622 2987 966 3070 Evangelia
1049 3009 1107 3052 2.
1149 2991 1334 3074 Qod
1362 2991 1624 3052 Israelitis
1644 3009 2006 3071 nequaquam

269 3069 435 3129 licuit
473 3069 643 3147 bella,
686 3067 802 3128 five
841 3069 1127 3130 defenfiva
1150 3071 1279 3131 *five
1326 3073 1624 3145 offenfiva,
1668 3091 1739 3133 ex
1768 3070 2007 3151 propria

265 3150 590 3220 voluntate,
635 3149 885 3211 consilio
912 3168 1013 3212 aut
1041 3151 1218 3213 dustu
1265 3153 1388 3225 suo,
1433 3154 1649 3226 moliri,
1710 3153 1805 3212 sed
1851 3167 2008 3211 tene-

265 3229 478 3289 bantur
510 3230 670 3290 omni
690 3247 980 3313 tempore,
1026 3233 1065 3290 fi
1108 3234 1385 3314 prospero
1410 3234 1656 3296 succefi‘u
1684 3253 1806 3294 rem
1836 3250 2008 3311 agere

269 3309 504 3380 vellent,
549 3313 848 3372 oraculum
892 3312 1139 3373 Domini
1181 3315 1344 3394 prins
1382 3315 1662 3377 sciscitari.
1733 3334 1787 3392 3.
1818 3311 2004 3391 Quod

272 3386 424 3475 bella
460 3403 688 3469 eorum,
750 3390 1015 3481 adversus,
1061 3393 1270 3484 impias
1305 3395 1591 3473 nationes,
1650 3396 1843 3479 figura
1883 3392 2003 3452 fue-

1862 3485 2003 3538 runt
