2086 3640
174 63 263 141 De
272 78 670 161 perseverantia*
692 77 761 142 &3
779 77 1125 154 Poffibilitate
1143 75 1414 139 amittendi
1423 77 1675 160 gratiam.
1709 95 1780 137 22
1795 99 1820 139 1

112 183 460 266 quifivissent
491 212 510 255 ·‚
555 189 691 247 cum
729 183 1030 265 vigilantia
1056 185 1118 243 δε
1145 183 1440 264 diligentia
1487 183 1830 245 mortalibus

25 302 27 305 ·
114 268 381 328 omnibus
418 267 655 328 omnino
694 264 988 327 necessaria
1034 266 1181 337 sunt,
1225 265 1364 324 dum
1395 265 1505 325 hoc
1532 267 1676 326 orbe
1719 264 1829 344 spi-

116 364 289 415 rant3
334 350 463 409 vult
499 349 652 408 enim
699 347 856 407 Deus
894 346 1038 406 hanc
1078 348 1184 406 effe
1227 362 1568 427 perpetuam
1593 345 1830 416 Christi-

112 429 206 488 ani
243 431 467 510 praxin,
513 429 623 509 qua
659 428 732 488 ad
752 426 973 487 cultum
993 427 1155 487 suum
1177 427 1387 507 aptior,
1418 427 1493 487 ·&
1520 428 1595 488 ad
1613 428 1832 489 diaboli
1866 431 1872 437 “

115 511 454 570 tentationes
521 507 848 570 resistendas
912 507 1093 587 magis
1162 509 1410 569 munitus
1483 508 1575 581 fit,
1626 513 1832 588 peccati

115 595 252 650 enim
279 591 600 668 stipendium
653 609 789 651 mors
830 588 916 666 est.
1022 589 1222 647 Nemo
1277 589 1358 648 est
1398 591 1547 650 'dum
1604 607 1829 670 peccat,

112 670 213 749 qui
253 691 369 731 non
399 670 551 750 juste
587 672 640 731 se
675 681 946 750 capacem
983 668 1317 747 perditionis
1356 670 1557 731 sentire
1603 671 1830 749 debeat.

115 751 245 809 hinc
311 752 428 832 ipse
472 752 683 814 Paulus
721 749 1037 829 Apostolus
1076 749 1174 820 ait,
1251 773 1272 809 1
1313 752 1447 832 Cor.
1475 752 1552 811 ix.
1581 770 1675 830 27.
1730 752 1835 812 Sed

110 833 300 913 castigo
339 849 520 910 corpus
557 854 746 902 meum,
791 831 864 893 δέ’
910 832 969 890 in
984 830 1296 908 servitutem
1344 832 1534 913 rediga,
1579 854 1644 893 ne
1653 834 1830 913 fortff,

111 914 231 972 ciam
273 912 389 973 aliis
448 914 878 992 praedicaverim,
939 911 1040 990 ipse
1094 914 1337 989 reprobus
1404 914 1619 990 efficiar.
1704 916 1833 974 Hic

116 994 437 1074 Apostolus
473 994 742 1076 supponit
781 992 1047 1073 possibile
1074 994 1182 1052 effe
1224 994 1280 1052 se
1329 996 1648 1073 reprobum
1679 996 1829 1066 fieri,

116 1085 175 1140 δί
209 1092 399 1135 tamen
432 1076 688 1154 judicare
715 1074 1006 1155 poffumus
1043 1094 1176 1133 eum
1206 1074 1380 1152 longe
1409 1073 1650 1153 majores
1695 1095 1833 1154 pro·

115 1157 331 1234 greffus
356 1156 539 1217 feciffe
560 1157 617 1215 in
637 1156 860 1218 interno
878 1154 1339 1235 ‘regenerationis
1360 1175 1553 1234 opere,
1599 1156 1833 1235 quando

112 1237 260 1296 hanc
327 1237 544 1317 scripsit
607 1237 953 1317 Epistolam,
1019 1235 1194 1315 quam
1238 1234 1469 1305 multos,
1516 1236 1614 1315 qui
1659 1236 1833 1295 hodie

112 1317 564 1397 praesumptuose
607 1318 772 1378 nimis
813 1317 1160 1397 impossibile
1203 1316 1306 1377 fibi
1356 1317 1461 1376 esse
1491 1317 1833 1398 apostasiam

107 1399 298 1457 facere
323 1397 608 1477 jastitant,
653 1399 791 1479 quia
824 1397 1068 1459 sentiunt
1109 1398 1162 1458 se
1208 1397 1527 1457 mensuram
1576 1399 1834 1478 aliquam

111 1499 268 1538 verae
325 1481 530 1559 gratiae
577 1480 814 1561 adeptos
853 1479 1001 1547 effe3
1065 1479 1171 1538 hac
1215 1494 1408 1539 autem
1448 1479 1835 1559 suppositione

113 1564 211 1636 (ut
233 1576 398 1620 antea
417 1561 818 1641 animadverti)
857 1560 1040 1620 utitur
1059 1560 1397 1639 Apostolu5,
1469 1560 1624 1638 quafi
1647 1560 1720 1619 ad
1745 1562 1834 1619 vi-

114 1640 416 1720 gilantiam
451 1643 839 1702 incitamenta
922 1641 1028 1701 Sed
1067 1642 1253 1720 castigo
1299 1656 1480 1718 corpus
1518 1663 1683 1701 meum
1715 1643 1829 1702 &a

115 1743 184 1781 ne
206 1723 358 1800 forte*
390 1723 503 1784 &a
570 1722 715 1782 Alio
756 1737 949 1782 autem
995 1737 1259 1800 tempore
1313 1721 1463 1781 idem
1508 1723 1831 1802 Apostolus

114 1802 421 1863 sensatione
459 1804 660 1863 sanstae
694 1802 804 1861 Dei
843 1801 1071 1861 virtutis
1111 1816 1327 1882 rathS,
1387 1802 1447 1861 δε
1482 1801 1540 1861 in
1577 1803 1835 1863 Domino
1913 1879 1916 1882 ᾗ

118 1883 220 1943 suo
255 1882 602 1955 sesentiens,
673 1883 815 1942 dum
863 1883 920 1942 in
958 1883 1276 1962 iniquitates
1333 1883 1454 1943 suas
1514 1885 1834 1965 animaeque

117 1963 379 2024 inimicos
422 1967 715 2044 superator
754 1963 960 2036 existit,
1031 1983 1145 2023 non
1206 1964 1432 2024 dubitat
1487 1965 1829 2037 exclamare,

119 2044 297 2104 Rom.
327 2045 444 2105 viii.
479 2050 573 2123 38.
619 2059 789 2106 certus
798 2047 921 2125 sum
961 2048 1116 2116 enim,
1163 2048 1288 2125 quia
1328 2067 1486 2126 neque
1521 2068 1677 2117 mors,
1741 2070 1832 2108 ne-

116 2147 215 2205 que
249 2128 371 2186 vita
411 2127 530 2188 &a
615 2130 754 2209 Qo
799 2128 931 2186 loco
959 2126 1185 2187 abunde
1221 2143 1482 2208 apparet,
1526 2128 1580 2185 se
1621 2129 1834 2189 statum

118 2207 284 2266 illum
333 2207 607 2288 adeptum
647 2208 825 2279 fuisse,
890 2207 920 2265 ἒι
972 2228 1089 2287 quo
1148 2208 1202 2267 se
1264 2229 1377 2268 non
1416 2209 1654 2289 potuiffe
1695 2231 1835 2291 pro-

43 2300 49 2306 ·
118 2287 240 2348 labi
286 2290 580 2370 cognovit.
1031 2295 1033 2297 ’

203 2370 525 2442 SEcuuuo,
572 2370 841 2451 Apparet
881 2372 1029 2431 hunc
1072 2370 1281 2431 statum
1329 2373 1651 2451 poffibilem
1701 2375 1830 2446 effe,

122 2450 254 2529 quia
299 2450 373 2510 ad
408 2451 574 2512 illum
611 2453 876 2513 hortatur
922 2472 1025 2511 nos
1070 2451 1408 2532 ApostoluS,
1458 2473 1489 2511 2
1514 2456 1636 2514 Pet.
1670 2454 1704 2512 i.
1739 2477 1829 2514 10.

122 2531 483 2610 ⁸Quapropter,
519 2535 751 2612 fratres,
788 2538 962 2611 potius
987 2534 1191 2611 studete
1227 2537 1547 2594 vocationem
1590 2535 1657 2595 ἑά
1700 2535 1834 2595 elec-

51 2662 54 2664 .
122 2616 309 2672 tionem
348 2615 580 2690 vestram
611 2617 837 2690 firmam
869 2618 1071 2696 facere.
1155 2614 1236 2673 Et
1281 2615 1412 2674 licet
1444 2615 1693 2676 conditio
1724 2617 1835 2678 hoc

125 2694 259 2753 loco
298 2689 683 2775 proponatur,
727 2698 862 2755 cum
909 2697 1174 2755 haetenus
1222 2697 1613 2775 probavimUS,
1660 2701 1834 2777 poffi-

130 2774 245 2833 bile
280 2776 387 2834 effe
427 2775 814 2836 conditionem
847 2776 1104 2856 implere,
1150 2778 1332 2855 posset
1366 2777 1542 2857 igitur
1583 2791 1641 2844 sst
1697 2800 1834 2858 pro·-

130 2855 317 2915 miffio
366 2855 679 2916 conditioni
714 2858 959 2918 subnexa
999 2857 1224 2936 attingi,
1272 2858 1331 2915 δε
1372 2879 1525 2930 cum,
1569 2859 1668 2920 ubi
1712 2862 1834 2920 baec

127 2936 409 2994 certitudo
453 2936 627 3008 deest,
669 2938 889 3019 semper
909 2939 1074 2997 detur
1103 2938 1260 2998 locus
1301 2939 1598 3000 dubitandi
1637 2941 1698 3000 δε
1736 2941 1834 3001 de-

126 3015 406 3095 sperandi,
453 3016 495 3075 fi
532 3018 675 3078 hanc
691 3039 982 3098 nunquam
1003 3019 1262 3098 consequi
1287 3021 1502 3080 samios
1530 3022 1833 3093 diceretur,

125 3097 446 3176 sequeretur
466 3098 638 3158 etiam
659 3120 754 3159 eos
782 3100 839 3158 in
867 3101 973 3160 hac
1001 3100 1118 3160 vita
1145 3100 1363 3181 semper
1383 3102 1834 3164 dubitationibus

44 3227 59 3238 ,
128 3177 190 3235 &
246 3179 722 3258 desperationibus
769 3181 973 3241 obvios
1011 3182 1136 3252 effe,
1209 3183 1365 3263 quod
1406 3195 1465 3251 ὃζ
1516 3183 1832 3263 Scripturas

127 3257 190 3344 ἔτ
224 3260 471 3353 millium
506 3260 860 3344 experientiae
902 3278 1202 3345 repugnat.
1291 3328 1293 3331 f
1559 3346 1619 3408 T

1628 3366 1826 3407 ERTm
