2086 3640
275 98 390 157 208
612 80 1666 158 THESISDGTAVA.

262 205 366 264 sub
399 202 451 259 Ῐ
431 219 561 282 ege
596 211 804 267 erant;
849 199 1147 260 idcirco&
1184 199 1421 279 seipsum
1447 199 1511 259 δε
1550 188 1867 276 RomanoS,
1912 193 1986 265 ad

261 302 409 363 quos
437 283 744 354 scribebat,
787 281 845 341 in
886 281 992 340 hac
1033 281 1359 342 conditione
1387 282 1575 361 ponit,
1619 284 1872 346 versibus
1923 304 1979 356 2,

260 385 326 441 3,
369 385 432 438 4,
478 383 539 441 5,
586 363 644 436 6,
694 381 774 442 73
839 363 1075 422 &versi
1138 386 1230 433 11,
1286 381 1378 432 12,
1441 383 1534 440 13,
1589 363 1831 444 16,17‚
1885 363 1978 426 18·

259 462 433 542 urget
469 446 614 505 hanc
654 443 1088 524 possibilitatem
1127 444 1187 504 &
1214 445 1599 505 necessitatem
1634 409 1986 506 liberationis

258 546 294 583 a
342 543 588 605 peccato
633 525 778 606 pene
814 544 885 584 eo
915 526 1118 597 modo,
1183 546 1300 604 quo
1335 534 1438 583 nos
1480 525 1646 605 supra
1694 525 1976 587 fecimus·
1962 568 1981 592 ,

257 606 323 664 &
368 608 511 667 vers.
557 627 653 666 22
695 606 967 677 declarat,
1011 628 1106 666 eos
1137 607 1280 666 hanc
1315 606 1700 666 conditionem
1730 607 1985 687 aliquan*

258 687 451 748 tulum
492 688 760 767 attigisse,
806 687 889 746 his
915 689 1126 760 verbiS,
1171 709 1305 746 nunc
1344 690 1474 746 verb
1520 687 1735 749 liberati
1773 711 1809 746 a
1856 698 1981 767 pec-¹

255 783 395 840 cate,
425 772 580 848 servi
617 783 792 830 autem
813 771 959 847 fasti
975 771 1110 839 Dee,
1155 770 1356 828 habetis
1377 771 1625 845 frustum
1663 771 1894 845 vestrum
1926 774 1981 829 in

235 851 737 927 sanbiificationem,
769 853 936 926 finem
975 871 1103 910 vero
1125 854 1295 910 vitam
1333 864 1633 909 aeternam:
1673 871 1807 911 nam
1838 850 1981 910 sicut

255 932 443 991 haec
421 953 452 990 a
502 931 793 1012 peccando
830 931 1063 991 libertas
1110 930 1420 1021 acquiritur
1455 932 1515 990 ὅτ
1564 932 1841 1012 possibilis
1883 933 1975 1003 fit,-

252 1029 322 1073 ut
361 1013 748 1102 Evangelium
783 1012 846 1072 &
884 1013 978 1072 lex
1014 1013 1256 1103 Spiritus
1296 1011 1567 1091 recipitur
1602 1012 1663 1072 ὅτ
1705 1012 1975 1083 noscitur,

254 1092 338 1153 ita
375 1093 538 1173 hujus
579 1094 904 1173 ignorantia
955 1094 1307 1155 contrarium
1352 1113 1610 1154 errorem
1656 1094 1716 1152 δι
1757 1095 1979 1175 peperit

253 1177 315 1234 δε
364 1174 530 1236 fovit.
615 1176 827 1235 Homo
856 1174 1027 1245 enim,
1091 1195 1226 1234 cum
1269 1195 1383 1236 non
1412 1175 1670 1235 attendat
1695 1175 1890 1236 lumen
1916 1177 1977 1236 &

254 1255 446 1335 legem
496 1256 607 1316 Dei
646 1258 702 1314 in
751 1258 926 1315 corde
966 1257 1064 1314 suo
1110 1256 1244 1336 (qua
1290 1274 1595 1336 peccatum
1635 1277 1750 1316 non
1791 1257 1977 1318 solum

251 1337 643 1397 manifestatur
670 1336 763 1396 sed
804 1337 1146 1407 eradicatur,
1192 1337 1432 1429 ideoque
1479 1337 1691 1398 alienus
1720 1338 1824 1398 &
1812 1359 1970 1419 igna-

249 1438 345 1476 rus
394 1439 564 1478 novae
589 1418 728 1476 vitae
764 1418 826 1476 &
861 1419 1080 1506 partuS‚
1125 1418 1220 1508 qui
1265 1438 1335 1478 ex
1378 1418 1508 1478 Deo
1549 1419 1754 1489 oritur,
1799 1420 1861 1478 &
1907 1421 1975 1479 li

251 1501 454 1558 benter
498 1497 863 1558 voluntatem
903 1519 1021 1576 ejus
1047 1496 1191 1577 agit,
1235 1498 1296 1556 ἃς
1331 1520 1403 1558 ex
1443 1499 1643 1560 natura
1662 1501 1756 1560 sua
1785 1500 1976 1580 legem

235 1579 363 1638 Dei
411 1580 630 1639 violare
657 1579 877 1659 nequit)
924 1579 983 1637 in
1012 1579 1255 1638 naturali
1289 1580 1390 1639 suo
1434 1579 1580 1640 statu
1617 1597 1975 1672 praeceptum

250 1661 477 1740 respicit
504 1660 648 1720 sicut
674 1675 975 1720 externum
998 1659 1120 1720 est
1107 1680 1163 1718 1n
1190 1659 1377 1730 litera,
1408 1660 1469 1719 δε
1498 1681 1631 1721 cum
1659 1659 1754 1720 se
1739 1678 1818 1720 lta
1840 1682 1980 1722 con-·

246 1740 584 1802 demnatum
625 1741 687 1800 &
723 1741 1051 1801 convicium
1072 1742 1272 1801 sentiat
1300 1738 1491 1817 (litera
1516 1743 1715 1815 occidit,
1758 1764 1860 1804 non
1887 1747 1974 1803 vi-

247 1825 464 1900 vificat)
494 1822 568 1882 fic
596 1822 773 1882 semet
792 1823 1179 1914 vulneratum,
1226 1842 1340 1883 non
1380 1823 1528 1884 intus
1558 1820 1631 1884 ad
1666 1788 1830 1896 iilud,
1855 1845 1975 1904 quo

246 1904 559 1975 sanaretur,
605 1904 910 1975 convertit,
955 1904 1047 1964 sed
1094 1903 1234 1983 legis
1273 1919 1548 1977 externae,
1602 1921 1784 1986 prout
1810 1906 1974 1965 extra

246 1983 351 2055 est,
397 1985 866 2044 conformitatem
902 1985 1273 2054 consectatur,
1339 2005 1515 2065 quam
1563 1986 1971 2065 impossibilem

245 2065 455 2125 sentit.
499 2085 616 2145 quo
649 2066 780 2145 plus
824 2080 1017 2125 autem
1056 2064 1373 2137 contendit,
1417 2067 1488 2124 eo
1532 2066 1719 2146 magis
1766 2067 1965 2127 haeret.

245 2147 341 2209 hic
378 2163 570 2206 autem
628 2147 708 2205 est
752 2140 940 2204 adhuc
982 2145 1215 2225 Judaeus
1260 2165 1393 2204 cum
1442 2147 1652 2205 carnali
1692 2147 1794 2206 suo
1821 2168 1971 2227 prae·

247 2244 419 2307 cepto
466 2228 528 2286 &
576 2227 706 2308 lege
749 2226 980 2286 externa
1022 2227 1079 2286 in
1119 2225 1349 2285 foederis
1379 2227 1596 2306 antiqui
1637 2227 1805 2298 statu,
1873 2251 1969 2309 quo

231 2311 518 2386 servientes
564 2331 665 2371 non
719 2309 926 2388 fiunt]
919 2310 1060 2367 'uxta
1114 2309 1467 2384 conscientiam
1497 2311 1744 2388 perfhffi'i,
1803 2309 1966 2372 Heb.

242 2390 319 2450 ix.
351 2411 407 2468 9.
450 2410 776 2481 quanquam
825 2390 1121 2448 notionem
1161 2388 1619 2460 Christianitati3‚
1657 2391 1752 2448 ›vel
1781 2407 1967 2451 exter·

242 2492 378 2531 narn
410 2471 464 2531 in
489 2470 782 2530 Christum
818 2469 994 2530 fidem
1035 2470 1241 2529 habere
1259 2471 1519 2550 poffint3
1563 2470 1624 2528 δε
1645 2472 1754 2530 hoc
1783 2473 1966 2532 modo

242 2553 524 2613 excoecati
562 2550 905 2612 laborarunt
937 2551 1259 2631 Scripturas
1304 2551 1644 2630 detorquere
1693 2551 1766 2611 ad
1808 2571 1964 2631 quae-

238 2635 476 2694 rendam
532 2631 814 2712 justitiam
870 2631 1275 2722 imputativam
1313 2632 1567 2691 totaliter
1605 2633 1791 2705 extra,
1852 2655 1963 2715 qua

238 2713 562 2806 iniquitates
596 2715 715 2773 suas
752 2713 1087 2793 operirent;
1129 2712 1519 2803 imaginantur
1551 2713 1724 2774 etiam
1766 2734 1964 2795 accep

238 2796 518 2855 tationem
539 2796 693 2874 apud
714 2795 906 2855 Deum
933 2792 1284 2884 poffibilern,
1329 2794 1589 2871 quamvis
1619 2796 1962 2895 impossibile

229 2875 544 2969 judicantes
592 2875 803 2935 Christi
859 2875 1139 2934 mandatis
1181 2874 1434 2935 obedire:
1516 2876 1628 2935 Sed
1662 2877 1850 2936 eheu!
1921 2876 1959 2934 ὀ

241 2958 449 3018 animae
494 2957 844 3036 ineptienteS,
892 2956 1258 3015 hallucinatae
1300 2956 1360 3013 δε
1401 2954 1748 3017 delirantes!
1809 2957 1959 3016 Hoc

241 3038 478 3098 minime
518 3038 758 3097 sufficiet
793 3035 1039 3107 diemo,
1102 3058 1198 3116 quo
1241 3037 1390 3095 Deus
1411 3059 1655 3117 quemque
1693 3036 1958 3117 judicabit

222 3119 508 3193 ficumi’um
551 3135 710 3196 oveta
748 3140 944 3188 eorum,
971 3121 1097 3194 sive
1117 3120 1249 3178 bona
1269 3119 1396 3194 five
1429 3118 1609 3177 mala.
1676 3117 1817 3179 Non
1857 3119 1956 3176 de-
2024 3148 2025 3151 ¹

239 3196 431 3258 tendet
467 3215 524 3257 te
565 3200 748 3258 dicere
777 3199 1079 3258 neceffario
1118 3198 1224 3258 tibi
1261 3197 1603 3286 impositum
1622 3194 1780 3255 fuiffe
1809 3219 1954 3276 quo-¹

206 3276 380 3338 tidie
415 3299 651 3359 peccare
688 3280 748 3340 &
776 3279 938 3340 dicus
965 3279 1025 3339 δε
1053 3277 1265 3347 fixistis·
1308 3278 1407 3358 qui
1449 3296 1603 3338 emm
1637 3276 1717 3340 ita
1743 3276 1949 3349 fecere,

1791 3360 1949 3420 certo
2018 3419 2022 3421 i
