2086 3640
252 67 376 144 455
477 66 852 129 THESJS
889 68 1342 133 DECIMA
1385 66 1804 151 QUINTA.

339 175 474 237 VII.
520 178 813 249 Taamo,
860 178 932 237 de
973 182 1220 239 vanitate
1266 179 1329 237 ὅτ
1360 179 1728 258 superfluitate
1767 179 1991 257 vestium

255 256 565 319 dicendum
602 258 704 329 est,
749 258 807 319 in
847 279 966 338 quo
1002 260 1122 328 duo
1158 259 1354 340 primo
1398 259 1803 321 consideranda
1839 261 1989 330 sunt,

255 338 475 419 conditio
502 340 563 396 δε
587 340 773 417 status
806 340 1058 418 perfhnoe,
1122 343 1183 400 &
1217 343 1382 412 nati0,
1427 342 1516 401 ubi
1556 341 1783 402 habitat.
1868 339 1995 401 Mi-

258 419 414 479 nime
467 419 718 478 dicemus
760 441 958 480 omnes
1010 422 1213 483 eodem
1274 422 1451 483 modo
1500 421 1608 481 effe
1648 421 1992 491 vestiendoS,

259 499 393 580 quia
438 500 556 560 hoc
603 500 754 560 forte
796 522 911 561 non
961 503 1148 583 aeque,
1217 523 1401 583 neque
1443 523 1579 562 cum
1629 500 1994 581 corporibuS,

258 599 366 640 nec
407 601 541 642 cum
582 582 747 644 bonis
788 583 1052 644 omnium
1103 585 1432 665 quadrabit,
1476 584 1538 643 &
1567 582 1608 642 si
1646 583 1770 663 quis
1807 581 1999 642 sobrie

259 662 321 720 &
358 660 470 723 fine
498 663 887 744 superfluitate
924 664 1216 736 vestiatur,
1281 665 1436 736 licet,
1487 663 1699 744 vquoad
1744 662 1998 724 substan-

264 742 408 801 tiam
455 744 516 802 &
559 751 861 809 materiam
919 746 1261 817 vestimenti,
1333 744 1500 817 illud,
1565 765 1684 826 quo
1736 743 1996 813 vestitur,

260 822 581 904 elegantius
620 824 681 884 δε
722 825 1023 906 pretiosius
1072 825 1162 899 fit,
1206 827 1383 908 quam
1428 826 1590 897 illud,
1677 845 1755 887 uo
1811 824 2001 884 servus

263 903 382 981 ejus
402 906 661 978 vestitur,
708 928 828 966 non
858 908 986 966 ideo
1025 908 1378 989 culpandum
1400 909 1506 968 effe
1529 927 1630 967 cen
1655 926 1838 977 emuS,
1863 907 2001 965 cum

265 985 361 1045 ille
409 988 688 1048 abstineat
736 987 766 1045 a
817 987 1318 1068 superfluitatibuS‚
1383 988 1594 1070 quibus
1633 986 1898 1048 educatio
1939 987 2004 1046 δι’

266 1067 527 1127 conditio
558 1067 673 1148 ejus
714 1069 1076 1130 assuefecerat
1114 1071 1326 1138 illum·,
1371 1070 1602 1131 fortaffe
1653 1069 1762 1130 erit
1798 1068 1855 1130 in
1899 1067 2003 1128 illo

260 1146 456 1228 ‘major
486 1149 947 1209 mortificationis
987 1153 1165 1224 actuS,
1210 1151 1387 1233 quam
1418 1150 1750 1212 abstinentia
1783 1149 1814 1208 31
1860 1169 2004 1229 pan-

266 1247 346 1288 no
375 1230 735 1291 concinniore
767 1230 825 1290 in
851 1231 1036 1304 servo,
1083 1233 1184 1312 qui
1210 1232 1314 1293 tali
1349 1253 1644 1314 nunquam
1672 1230 2006 1292 assuefactus

266 1307 393 1369 fuit.
479 1312 661 1394 Qod
693 1310 898 1371 attinet
934 1312 1008 1371 ad
1055 1317 1315 1374 nationem
1355 1331 1456 1374 aut
1491 1327 1713 1395 gentem,
1756 1312 1860 1373 ubi
1905 1311 2005 1372 de·

269 1389 451 1470 gitur,
517 1392 675 1471 quod
714 1392 1050 1452 naturaliter
1086 1394 1360 1473 producit
1399 1395 1762 1474 degentibus»,
1813 1390 2007 1453 vestiri

268 1490 342 1531 eo
381 1471 646 1532 vanitatis
687 1492 807 1532 non
844 1472 946 1544 est,
1017 1476 1113 1534 vel
1157 1474 1317 1554 quod
1358 1476 1744 1542 communiter
1771 1473 1829 1533 in
1876 1493 2008 1534 eam

271 1553 645 1634 importatur,
710 1556 847 1613 cum
891 1556 1100 1634 procul
1143 1555 1329 1616 dubio
1373 1555 1590 1616 creatio
1634 1555 1706 1616 fit
1742 1553 1817 1615 ad
1842 1554 2008 1614 usum

271 1634 593 1695 hominum.
680 1635 803 1718 Qi
843 1636 1139 1697 abundant
1182 1637 1381 1707 seric0,
1425 1657 1496 1697 eo
1523 1636 1716 1698 vestiri
1754 1634 2006 1728 possunt,

271 1734 389 1777 non
418 1715 607 1776 minus
653 1717 829 1796 quam
880 1716 1008 1776 lana
1044 1743 1062 1785 ·,
1106 1718 1200 1779 vel
1242 1717 1282 1776 fi
1326 1719 1386 1779 in
1413 1717 1527 1778 istis
1554 1717 1884 1781 nationibus
1910 1716 2009 1777 de-

270 1817 563 1876 geremus,
606 1798 700 1857 ve}
737 1796 1009 1878 proxime
1046 1819 1165 1873 eos,
1210 1798 1311 1880 qui
1350 1819 1494 1860 auro
1548 1814 1909 1881 argentoque
1949 1820 2011 1859 a-

272 1878 555 1948 bundant,
602 1895 884 1959 quantum
922 1878 1068 1939 inter
1094 1901 1197 1941 nos
1237 1882 1456 1941 ferrum
1503 1880 1565 1940 δι
1611 1895 1713 1953 238,
1758 1879 1872 1940 illis
1892 1899 2010 1940 non

274 1959 465 2018 minus
504 1959 684 2038 quam
718 1960 803 2019 his
838 1958 924 2019 uti
973 1962 1279 2039 possemus,
1362 1962 1491 2022 Hic
1520 1961 1678 2043 jacet
1721 1960 2008 2043 iniquitas,

274 2038 494 2119 primo,
559 2041 789 2118 quando
835 2040 1093 2101 homines
1154 2043 1184 2100 a
1229 2041 1496 2103 vanitatis
1543 2040 1879 2124 cupiditate,
1943 2058 2013 2104 ut

273 2121 451 2180 semet
496 2121 799 2192 adornent,
843 2140 960 2180 non
1001 2122 1257 2183 contenti
1301 2123 1430 2184 sunt
1475 2123 1561 2193 iis,
1625 2143 1758 2204 quae
1793 2122 2013 2184 conditio

273 2221 479 2261 eorum
527 2201 660 2273 fert,
705 2217 806 2263 aut
842 2206 1037 2279 patria
1064 2204 1448 2264 communiter
1493 2203 1781 2285 producit,
1824 2202 1919 2263 sed
1945 2224 2014 2265 ea

270 2281 560 2352 ambiunt,
607 2300 739 2363 quae
777 2283 871 2341 vel
913 2282 942 2340 a
976 2287 1207 2345 raritate
1234 2284 1328 2344 vel
1371 2284 1402 2343 a
1451 2286 1643 2365 pretio
1684 2283 2012 2365 pretiosissi-

275 2382 372 2426 ma
398 2361 686 2434 videntur,
732 2362 969 2443 ideoque
996 2366 1326 2456 cupidinem
1356 2365 1540 2446 magis
1575 2365 1810 2427 fovent:
1853 2366 2014 2446 quod

274 2463 346 2504 ex
396 2443 803 2522 professoribus
848 2446 1244 2506 modestiffimi
1286 2447 1348 2506 &
1388 2446 1642 2507 maxime
1682 2462 2013 2528 temperan-

274 2540 359 2584 tes
395 2525 565 2586 facile
615 2521 932 2586 concedent
976 2527 1199 2587 malum
1242 2528 1367 2588 effe.
1451 2527 1734 2600 Secundo,
1778 2527 2010 2607 quando

276 2604 537 2667 homines
582 2626 700 2667 non
741 2609 994 2668 contenti
1042 2608 1190 2680 sunt,
1256 2610 1477 2669 bonum
1526 2609 1589 2668 &
1642 2607 2009 2670 necessarium

277 2688 580 2747 creationis
616 2689 777 2762 usum
834 2686 1044 2761 facere,
1114 2689 1211 2748 sed
1249 2689 1655 2769 superaddunt,
1706 2711 1836 2771 quae
1881 2690 2011 2751 sunt

275 2767 437 2831 mere
477 2768 798 2849 superflua;
858 2770 987 2829 talis
1025 2770 1107 2830 est
1148 2771 1273 2830 usus
1316 2770 1628 2850 superfluus
1647 2770 2006 2843 taeniolarum,

274 2847 724 2921 redimiculorum,
752 2850 1124 2927 fimbriarum,
1155 2851 1431 2912 limborum
1450 2851 1796 2932 &ejusmodi
1823 2852 2016 2916 multa

276 2928 414 3001 alia,
459 2945 527 2991 ut
564 2933 738 3010 faciei
777 2931 1013 3011 alapiam,
1081 2934 1314 3012 coesariei
1342 2933 1640 3012 plicatura,
1703 2953 1835 3014 quae
1881 2932 2009 2994 sunt

278 3010 473 3091 lapsae,
519 3011 835 3072 libidinosae
871 3013 932 3073 &
954 3030 1246 3096 corruptae
1267 3031 1489 3076 naturae
1516 3014 1757 3086 frudun,
1801 3013 1863 3074 ὅτ
1888 3033 2006 3074 non

278 3110 450 3151 novae
495 3093 818 3171 creationiS,
863 3110 930 3153 ut
957 3116 1155 3155 omnes
1174 3093 1520 3156 fatebuntur.
1609 3096 1693 3157 Et
1720 3096 1859 3157 licet
1877 3113 2006 3152 om·-

278 3168 438 3231 nium
478 3173 688 3252 optimi
738 3175 801 3236 &
837 3174 1069 3254 piissimi
1107 3174 1304 3237 dicant
1358 3177 1560 3239 melius
1606 3177 1715 3239 effe
1761 3173 1823 3239 fi
1877 3173 2006 3234 haec

274 3267 395 3317 non
412 3252 604 3324 essent,
647 3269 841 3321 tamen
862 3255 1062 3319 illicita
1098 3276 1215 3319 non
1243 3255 1527 3338 judicant,
1569 3254 1920 3399 &fratribsus
1942 3254 2006 3314 δε

407 3384 410 3387 .
1868 3354 2004 3399 ocus
