2086 3640
236 100 346 175 138
458 93 658 155 THE
677 93 837 177 5313
879 58 1300 173 QUJ'NTA
1335 94 1406 157 ω
1446 97 1564 156 SE
1585 97 1788 160 XTA.

217 204 431 285 populo,
497 205 581 261 cui
618 213 846 282 utraque
884 199 1108 279 eruditio
1145 201 1391 280 praefuit,
1455 223 1599 262 nemo
1639 206 1738 281 nist
1762 209 1955 290 gratid

210 287 526 368 justificatus
558 283 636 359 stt
678 299 782 360 per
807 283 1066 358 Spiritum
1099 281 1252 357 fidei,
1297 286 1408 362 quis
1445 285 1678 365 ambigat
1721 306 1820 358 cos,
1863 293 1956 368 qui

225 368 291 427 de
349 365 724 445 quibuscunque
775 364 1071 426 nationibus
1122 364 1418 444 quibuslibet
1473 366 1788 443 temporibus
1833 370 1952 430 Deo

212 448 432 526 placere
467 456 775 523 potuerunt,
847 445 1050 522 Spiritu
1098 446 1295 527 gratia·
1334 446 1445 505 Dei
1486 446 1648 526 fuzffl’
1686 447 1903 509 diretlos
1931 473 1952 509 .-

219 550 362 610 quoe,
426 529 518 603 etfi
550 529 773 604 parcior
812 539 970 586 antea
1010 540 1164 607 atque
1201 525 1448 587 occultior
1470 530 1608 607 fuit,
1653 527 1820 588 nullis
1864 543 1950 590 ta-

218 630 336 669 men
363 607 549 687 seculis
575 609 637 685 Je
669 609 901 688 negavit,
960 611 1163 668 virtute
1206 609 1338 677 und,
1383 612 1676 688 quantitate
1711 609 1947 690 diversa,

218 691 422 768 confilio
471 690 808 759 immutabili,
854 706 1005 769 opere
1036 689 1365 768 multiformi.
1567 765 1570 768 ‚

301 770 536 832 XXIV.
582 771 854 830 TERTIA
897 771 1241 851 propofitiO,
1294 790 1427 850 quae
1466 772 1704 850 probari
1743 772 1944 845 debet,

215 851 346 917 est;
412 851 550 931 quod
586 852 689 911 hac
716 854 927 933 gratia,
975 853 1172 912 lumine
1212 851 1282 912 &²
1308 853 1508 929 semine
1546 853 1696 912 Deus
1721 856 1959 926 omnium

206 933 440 1012 salutem
487 946 759 1011 operatur,
806 933 875 995 δᾶ
915 934 1052 1014 quod
1084 951 1188 1011 per
1230 934 1321 991 hoc
1357 935 1538 992 mortis
1564 934 1765 1012 Christi
1802 935 1950 996 beite-

203 1015 327 1090 ficii
352 1016 501 1089 fiunt
528 1017 835 1092 participes,
863 1016 932 1077 δέ
956 1015 1154 1092 salutis
1176 1012 1455 1093 perillum
1484 1016 1758 1094 acquisita.
1810 1016 1949 1076 Hu-

207 1093 301 1174 jus
323 1095 498 1154 etiam
536 1095 767 1155 internis
801 1096 864 1153 δε
903 1097 1230 1156 efficacibus
1260 1094 1688 1176 operationibus
1715 1095 1952 1156 Ethnici

214 1175 476 1256 plerique
521 1176 963 1256 promiffionum
1013 1177 1318 1258 participes
1365 1175 1499 1236 faeti
1541 1175 1692 1247 sunt,
1737 1177 1838 1258 qui
1878 1197 1952 1238 ex

215 1257 424 1317 semine
444 1258 707 1317 Abrahae
726 1278 842 1317 non
870 1257 1027 1317 fuere
1058 1279 1071 1316 :
1118 1260 1196 1318 ita
1224 1259 1285 1316 δε
1311 1265 1461 1316 nunc
1482 1259 1719 1337 poffunt
1745 1257 1947 1340 aliqui,

213 1339 424 1416 quibus
447 1339 602 1397 Deus
632 1337 880 1399 historiae
909 1338 1198 1398 scientiam
1227 1339 1636 1418 impoffibilem
1657 1337 1814 1410 fecit,
1847 1359 1954 1420 per
2068 1403 2074 1409 „

217 1419 514 1478 Christum
562 1418 803 1478 salutem
829 1419 1096 1499 adipisci.
1183 1421 1336 1479 Cum
1375 1420 1640 1480 hactenus
1667 1422 1956 1499 probave·

212 1498 328 1557 rim
352 1499 644 1558 Christum
681 1520 791 1578 pro
814 1501 1078 1561 omnibus
1111 1501 1220 1559 effe
1240 1516 1559 1572 mortuum,
1605 1500 1666 1558 δε
1686 1500 1842 1560 diem
1861 1501 1951 1560 vi-
2084 1524 2086 1531 ¹

214 1576 491 1639 fitati0nis
533 1580 800 1641 omnibus
821 1581 928 1640 esse
956 1580 1173 1651 datam,
1221 1581 1278 1638 in
1307 1580 1418 1660 qua
1447 1580 1657 1640 servari
1686 1583 1905 1660 poffint
1928 1609 1949 1651 ς

214 1661 280 1719 &
323 1661 516 1721 Deum
544 1662 813 1723 omnibus
864 1660 1091 1720 realiter
1129 1661 1332 1720 dedisse
1369 1661 1687 1720 mensuram
1715 1661 1948 1742 gratiae,

212 1742 274 1800 ὅτ
316 1742 564 1814 luminiS,
613 1742 1116 1824 Evangeliurnque
1149 1741 1206 1801 in
1226 1740 1291 1801 iis
1320 1741 1670 1822 praedicfiffe,
1701 1763 1806 1803 nec
1834 1763 1952 1804 non

214 1823 349 1883 fidei
388 1825 634 1884 verbum
673 1826 729 1883 in
773 1824 947 1884 corda
988 1844 1192 1883 eorum
1234 1823 1495 1902 posuisse,
1543 1821 1952 1903 propositionis

214 1903 379 1983 hujus
430 1905 733 1965 substantia
765 1905 891 1985 jarn
935 1906 1183 1986 probata
1219 1904 1400 1963 videri
1421 1905 1653 1984 potest;
1718 1904 1831 1965 hoc
1867 1922 1955 1966 ta·

215 2004 349 2045 men
390 1985 567 2065 paulo
612 1986 1092 2066 fufiusprobabo
1139 1997 1341 2044 eorum
1381 1985 1566 2055 causa,
1611 1984 1712 2065 qui
1738 1986 1948 2047 verita·

213 2081 334 2125 tem
375 2066 511 2126 scire
552 2068 614 2126 &
651 2067 879 2127 credere
908 2066 1168 2146 cupiunt,
1215 2065 1358 2125 ficut
1384 2064 1440 2124 in
1471 2065 1601 2144 Jesu
1630 2065 1732 2136 est,
1776 2065 1836 2125 id
1877 2087 1948 2128 ue

215 2147 552 2210 ex'duobus
594 2150 687 2208 vel
725 2149 908 2208 tribus
946 2146 1399 2208 luculentissimis
1430 2146 1748 2226 Scripturae
1791 2087 1947 2209 tetid-

214 2229 421 2289 moniis
456 2255 473 2296 ;
521 2230 960 2309 communesque
982 2233 1044 2292 &
1072 2227 1361 2299 fortioreS,
1408 2248 1539 2307 quae
1574 2225 1819 2308 produci
1858 2228 1947 2289 so.

215 2310 355 2382 lent,
402 2310 748 2390 objectiones
798 2311 1131 2370 removebo,
1283 2335 1285 2338 ·
1748 2372 1753 2377 ,

188 2456 191 2459 ,
295 2392 549 2452 THEMA
581 2393 757 2472 igitur
779 2391 1037 2452 nostrum
1060 2391 1200 2450 duas
1229 2391 1406 2451 habet
1431 2405 1622 2470 partes
1650 2417 1668 2458 ·,
1715 2389 1942 2466 Primo,

217 2474 358 2553 qubd
390 2476 452 2543 ii,
518 2476 699 2555 quibus
741 2473 1098 2554 Evangelium
1140 2485 1412 2532 externum
1442 2473 1795 2550 praedicatum
1842 2478 1942 2546 est,

217 2577 318 2614 non
347 2555 666 2632 salvantur,
711 2558 808 2634 nist
835 2557 986 2637 hujus
1020 2554 1230 2615 luminis
1253 2555 1322 2617 δέ
1357 2556 1553 2635 gratia?
1583 2557 1802 2614 internis
1827 2570 1946 2634 ope--

217 2638 522 2697 rationibus.
571 2652 576 2656 “

296 2718 618 2790 SECUNDO,
687 2718 848 2799 Qod
889 2719 1268 2797 operationibus
1322 2718 1429 2800 ejus
1476 2715 1719 2797 plerique
1757 2717 1939 2795 fuere,

218 2797 288 2860 {9²
327 2799 539 2879 quidam
579 2821 716 2860 nunc
745 2801 954 2880 poffient
979 2801 1222 2879 salvari,
1255 2801 1436 2880 quibus
1473 2798 1832 2880 Evangelium
1851 2821 1943 2859 ex·
2038 2795 2047 2805 ⁸

215 2893 423 2940 ternum
469 2902 735 2962 nunquam
785 2881 1138 2961 proedicatum
1177 2881 1269 2959 cst,
1342 2881 1411 2941 ὅ
1469 2882 1694 2959 historiae
1742 2879 1878 2940 Chri
1919 2882 1943 2939 i

208 2965 424 3039 prorsus
464 2965 639 3043 ignari
663 2966 810 3043 sunt.
1744 2988 1746 2990 ’

299 3045 490 3125 Qoi)
558 3045 631 3105 ad
673 3045 924 3124 primam
966 3043 1190 3115 attinet,
1237 3043 1373 3103 licet
1411 3042 1440 3100 a
1481 3041 1759 3123 plerisque
1802 3059 1939 3099 con-

219 3123 360 3181 ceffa
383 3122 472 3194 fit,
519 3125 614 3184 sed
650 3126 831 3206 magis
873 3146 974 3185 ore
1001 3146 1175 3204 quam
1199 3145 1383 3195 more,
1429 3124 1490 3186 &
1518 3120 1801 3202 copiosior
1820 3117 1938 3197 ejus

216 3201 476 3262 discuffio
523 3206 578 3263 in
615 3207 876 3284 sequente
923 3207 994 3266 de
1025 3204 1431 3284 justificatione
1480 3203 1616 3263 thefi
1645 3216 1942 3276 occurrat,

217 3293 409 3361 paucis
457 3299 648 3346 tamen
670 3289 962 3366 probabo,
1005 3288 1067 3348 &
1087 3287 1277 3368 primo
1305 3306 1379 3348 ex
1408 3282 1616 3346 Christi
1642 3281 1737 3422 aql
1747 3280 1932 3340 Nico-

1739 3379 1931 3424 emum
