2086 3640
380 68 472 128 De
492 69 649 144 statu
689 65 960 130 naturalis
1000 66 1220 128 hominis
1268 72 1323 129 in
1365 68 1528 148 lapsu.
1737 87 1770 149 7
1786 93 1808 132 1

90 175 437 257 exprimitur
492 196 620 256 cap.
657 174 735 235 iii.
786 193 907 234 ver.
957 184 1052 247 24.
1091 174 1295 251 expulit
1321 177 1483 254 ipsum
1536 176 1814 249 hominem,

71 261 370 339 statuitque
417 259 454 318 ἆ
502 273 668 336 parte
732 258 1001 317 anteriore
1054 254 1287 316 Hedenis
1343 258 1685 330 Cherubinos,
1745 260 1816 320 {9²

62 350 382 400 'mucronem
417 338 594 421 gladii
625 338 736 416 fi’st'
779 336 1072 407 vibrantis,
1134 338 1212 397 ad
1247 339 1625 414 custodiendum
1662 343 1816 401 viam

40 437 45 441 ’
88 423 297 482 arboris
338 423 491 481 vitae.
574 419 1056 502 Qalemcunque
1109 439 1259 480 nunc
1315 419 1600 480 literalem
1645 420 1817 502 signi·

86 503 420 563 ficationem
466 501 594 561 haec
631 502 814 562 verba
840 499 1110 568 habeant,
1171 500 1302 558 huic
1321 500 1584 590 paradiso
1615 502 1815 584 mysti-

83 603 215 643 cam
264 581 746 661 fignificationem
783 582 1099 642 attribuere
1122 578 1234 640 fine
1270 581 1468 660 injuria
1499 584 1813 666 poss‘umuS,

83 663 146 722 δι
172 663 403 723 realiter
423 663 724 724 nominare
743 661 1111 744 Spiritualem
1131 661 1295 720 illam
1318 664 1810 737 communionem,

80 744 145 803 ὅτ
200 745 809 816 communicationem,
901 762 1078 822 quam
1115 743 1307 801 Sancti
1344 765 1478 803 cum
1528 746 1658 804 Deo
1706 749 1816 807 ob-

81 825 264 886 tinent
303 846 407 906 per
462 828 656 905 Jesum
695 825 1011 895 Christum,
1085 822 1178 883 cui
1224 824 1329 883 soli
1373 826 1689 886 Cherubini
1730 827 1815 887 illi

82 907 313 977 cedunt,
359 923 427 968 ut
471 908 535 967 &c
588 908 911 989 unicuique,
955 905 1056 986 qui
1104 905 1283 965 intrat
1311 927 1414 986 per
1469 907 1659 978 illum,
1713 909 1813 988 qui

47 988 133 1047 *se
179 990 364 1065 ostium
411 1005 602 1051 vocat.
687 991 782 1050 Sic
820 988 956 1049 licet
994 987 1137 1047 nihil
1170 986 1324 1046 Adae
1367 988 1587 1068 peccati
1623 989 1812 1049 homi-

76 1069 243 1131 nibus
281 1075 653 1153 imputemus,
718 1072 904 1132 donec
958 1068 1123 1129 suum
1163 1067 1402 1139 faciunt,
1449 1069 1660 1128 talibus
1689 1070 1813 1130 ino-

79 1151 382 1212 bedientiae
435 1152 698 1220 astibus3
777 1154 860 1214 ita
932 1172 1038 1211 nec
1113 1151 1418 1230 concipere
1492 1151 1809 1228 poffumu3‚

73 1233 236 1312 quod
283 1235 485 1306 hom0‚
530 1235 627 1315 qui
663 1256 736 1295 ex
769 1233 1012 1295 Adamo
1049 1233 1384 1294 naturaliter
1420 1230 1691 1291 oriundus
1708 1233 1809 1304 est,

59 1314 300 1375 'bonum
355 1315 592 1396 aliquod
635 1316 694 1377 in
723 1314 924 1376 natura
954 1313 1047 1375 sua
1089 1314 1320 1386 habeat,
1368 1313 1444 1374 ad
1488 1311 1650 1372 illam
1679 1335 1811 1395 per-

71 1395 275 1467 tineus,
347 1397 508 1476 quod
562 1397 662 1458 ille
702 1418 820 1459 non
877 1396 1100 1468 habuit,
1179 1416 1252 1456 ex
1307 1416 1426 1475 quo
1492 1394 1807 1456 derivatur.

71 1475 134 1535 Si
190 1476 369 1558 igitur
404 1479 698 1541 affirmare
752 1481 1051 1560 posthum,
1144 1477 1304 1558 quod
1357 1476 1455 1535 ille
1504 1474 1561 1533 in
1608 1477 1810 1536 natura

67 1556 186 1629 sua,
250 1559 327 1618 ad
367 1579 498 1620 eam
546 1556 950 1641 pertinentem,
1013 1558 1306 1618 retinuerit
1348 1558 1571 1617 nullam
1604 1558 1810 1616 volun-

71 1652 278 1711 tatem,
349 1661 456 1700 nec
509 1641 706 1701 lumen
771 1662 952 1721 capax
997 1660 1068 1699 ex
1144 1639 1199 1698 se
1246 1637 1560 1718 spiritualia
1625 1640 1808 1700 mani-

72 1718 355 1788 festandi;
419 1722 500 1782 ita
556 1743 661 1783 nec
695 1721 997 1802 posteritas
1034 1720 1182 1799 ejus:
1243 1719 1627 1800 quodcunque
1654 1722 1808 1781 enim

72 1801 296 1861 bonum
344 1803 525 1863 homo
573 1802 697 1883 agit
750 1802 809 1861 in
845 1801 1044 1866 natura
1086 1800 1201 1871 sua,
1278 1821 1350 1862 ex
1399 1800 1522 1881 ipso
1571 1800 1807 1861 minime

71 1884 356 1960 procedit,
416 1884 511 1944 sed
558 1907 630 1945 ex
687 1884 897 1945 semine
952 1882 1149 1944 divino
1185 1883 1244 1942 in
1293 1881 1417 1953 illo,
1490 1901 1608 1960 quo
1653 1903 1806 1942 nova

62 1962 323 2025 visitatio
362 1965 500 2026 vitae
548 1967 650 2037 est,
742 1981 809 2025 ut
847 1986 919 2027 ex
972 1964 1218 2026 naturali
1273 1964 1422 2023 statu
1466 1963 1802 2023 redimatur.

70 2042 247 2105 Licet
296 2046 476 2126 igitur
519 2045 592 2107 fit
647 2048 704 2106 in
746 2046 868 2119 illo,
928 2068 1043 2107 non
1085 2067 1157 2106 ex
1186 2044 1309 2119 'illo
1346 2044 1467 2110 est;
1555 2044 1619 2103 ὅτ
1691 2046 1806 2105 hoc

68 2124 228 2186 Deus
265 2126 380 2207 ipse
429 2127 661 2189 testatus
697 2129 800 2198 est,
861 2128 1072 2200 dicem,
1146 2127 1291 2187 Gen.
1324 2126 1399 2185 vi.
1434 2144 1489 2202 5.
1537 2127 1616 2185 Et
1662 2129 1806 2188 vidit

65 2208 308 2286 Jehova,
376 2231 526 2269 omne
549 2213 890 2293 figmentum,
974 2232 1039 2270 ac
1083 2210 1412 2294 cogitationes
1445 2208 1623 2267 cordis
1668 2211 1799 2289 ejus,

65 2291 422 2351 tantummodo
477 2292 681 2353 malum
718 2292 814 2372 effl’
859 2296 1002 2352 omni
1061 2305 1301 2370 tempore.
1410 2292 1565 2374 Qae
1619 2292 1802 2352 verba

67 2371 249 2450 quam
325 2373 579 2433 maxime
624 2373 873 2455 positiva
927 2373 1074 2445 sunt,
1164 2373 1225 2432 δε
1276 2370 1798 2450 comprehenfiva3

65 2452 310 2514 observa
353 2455 673 2535 emphasin,
749 2476 922 2515 omne
952 2454 1320 2535 figmentum,
1369 2453 1430 2512 id
1477 2453 1578 2522 est,
1640 2453 1811 2531 cogi-R

67 2534 309 2596 tationes
386 2536 578 2596 cordis
646 2537 784 2616 ejuS,
875 2536 977 2598 ubi
1031 2536 1189 2596 nulla
1252 2532 1516 2612 exceptio
1565 2533 1799 2594 admitti

70 2617 308 2696 potest·,
367 2617 593 2678 nullum
645 2619 1017 2698 figmentum,
1102 2617 1261 2676 nulla
1309 2613 1590 2695 cogitatio
1646 2616 1799 2674 exci-

62 2696 246 2775 pitur.
327 2699 613 2770 Secundo,
657 2698 1010 2759 tantummodo
1074 2699 1275 2759 malum
1343 2699 1482 2756 omni
1548 2709 1796 2774 tempore,

68 2797 183 2839 non
238 2778 319 2845 est
374 2781 681 2861 aliquando
720 2780 942 2840 malum
988 2780 1147 2839 omni
1184 2795 1468 2858 tempore,
1541 2798 1644 2836 nec
1673 2794 1799 2837 tan-

68 2858 382 2919 tummodo
443 2862 665 2922 malum
708 2863 905 2943 aliquo
962 2877 1245 2941 tempore,
1309 2859 1403 2919 sed
1451 2859 1513 2918 &
1543 2874 1798 2919 tantum-

68 2939 249 2999 modo
288 2941 532 3014 malum,
590 2943 654 3001 δε
693 2943 851 3004 omni
889 2959 1155 3023 tempore
1179 2942 1449 3001 malum:
1496 2961 1613 3020 quo
1645 2939 1799 2999 certe

65 3040 245 3081 omne
311 3023 533 3085 bonum
593 3026 937 3095 excluditur,
1026 3040 1091 3085 ut
1140 3022 1348 3083 efectus
1411 3021 1679 3102 proprius
1734 3021 1798 3080 δε

68 3103 341 3162 naturalis
387 3106 619 3166 humani
656 3107 895 3173 cordis·‚
967 3107 1131 3186 quod
1187 3106 1342 3171 enim
1386 3102 1796 3164 tantummodo

73 3186 294 3245 malum
331 3187 431 3258 est,
496 3193 558 3251 δε
595 3189 755 3248 omni
800 3204 1083 3267 tempore,
1134 3208 1206 3247 ex
1254 3184 1454 3246 natura
1505 3183 1619 3255 sua,
1698 3183 1793 3243 vel

72 3281 145 3323 ex
188 3266 261 3339 se,
326 3271 552 3331 nullum
584 3271 804 3332 bonum
842 3269 1104 3351 proferre
1146 3267 1381 3350 potest3
1450 3266 1563 3327 hoc
1613 3264 1791 3326 etiam

894 3353 943 3412 F
987 3374 1027 3426 4
1510 3346 1795 3409 Dominus
