2086 3640
341 84 432 146 De
471 81 689 144 internd
730 79 801 143 δέ
845 80 1155 142 immediata
1197 84 1534 146 revelatione.
1724 103 1799 159 3¹

68 213 215 256 nova
266 194 400 251 verb
449 192 589 249 intus
629 187 835 268 scripta
867 191 922 248 in
975 188 1174 249 tabulis
1228 190 1411 250 cordis.
1497 192 1805 272 Qantum

73 275 252 355 igitur
284 270 706 334 hallucinantur
753 266 856 338 illi,
918 270 1015 348 qui
1042 290 1159 329 non
1203 270 1390 330 solum
1418 271 1806 352 Evangelium

33 372 36 375 ·
70 377 190 414 non
235 350 591 436 praestantius
624 349 773 428 lege,
818 349 1089 428 opinione
1130 350 1244 420 sua,
1289 351 1524 424 faciunt,
1567 353 1663 412 sed
1704 373 1811 411 eo·

12 459 16 462 ⁴
71 457 227 508 rum,
273 434 369 514 qui
395 432 499 491 sub
527 429 853 510 Evangelio
873 430 1020 502 sunt,
1066 432 1458 492 conditionem
1489 434 1676 494 multo
1706 434 1807 492 de—

74 517 349 577 teriorem
386 511 689 572 efficiunt?
751 513 915 572 Nam
959 513 1423 592 (proculdubio)
1462 516 1661 575 melius
1698 515 1805 583 est,

71 598 136 656 &
177 594 491 676 optabilius
524 592 638 652 Dei
657 590 991 652 immediata
1022 594 1438 654 communione
1467 594 1599 666 frui,
1631 617 1807 676 quam

71 676 343 748 mediata,
402 675 501 735 illa
545 674 699 734 enim
748 674 829 734 est
856 672 1192 754 dispensatio
1219 675 1420 756 ⁴multo
1456 677 1754 738 sublimior
1787 701 1807 744 ς

69 758 135 816 δε
179 775 375 819 tamen
421 756 509 816 isti
551 753 823 828 fatentur,
869 755 1196 836 complures
1233 757 1336 815 sub
1377 757 1507 838 lege
1536 758 1809 819 hancim-

72 840 389 901 mediatam
418 836 899 900 communionem
921 836 1191 908 habuisse,
1223 858 1399 917 quarn
1415 860 1565 899 nunc
1587 841 1811 899 cessiiffe

70 921 389 991 clamitant.
473 919 786 989 Praeterea,
828 918 932 978 sub
970 918 1099 999 lege
1130 918 1242 978 fuit
1267 919 1540 979 &mestum
1568 923 1810 983 Sancto-

72 1022 227 1075 rum,
287 1002 363 1062 ad
406 1001 562 1082 quod
604 1000 1039 1080 ingrediebatur
1093 1001 1347 1059 summus
1391 1000 1681 1073 Pontifex,
1746 1004 1810 1062 δε

70 1087 319 1145 verbum
349 1081 588 1144 Domini
631 1080 964 1142 immediate
1013 1081 1344 1161 recipiebat,
1389 1081 1468 1140 ita
1512 1099 1578 1141 ut
1616 1103 1810 1162 popu-

72 1165 160 1224 lus
217 1180 436 1226 certam
465 1164 577 1224 Dei
617 1163 985 1223 voluntatem
1035 1163 1378 1243 cognoscere
1407 1163 1636 1243 poffet':
1696 1165 1810 1223 Sed

71 1246 270 1323 hodie,
315 1245 625 1306 secundum
674 1244 1135 1305 adversariorum
1191 1244 1543 1325 opinionem,
1607 1245 1664 1305 in
1710 1246 1811 1305 de-

74 1330 285 1387 teriore
313 1328 541 1407 prorsus
569 1325 897 1386 conditione
929 1325 1140 1398 sumuS,
1202 1327 1298 1406 qui
1328 1325 1467 1385 nihil
1506 1327 1807 1398 habemuS,

70 1408 173 1467 nifi
201 1424 498 1470 externam
526 1407 836 1488 Scripturae
859 1407 1107 1478 literam,
1140 1407 1212 1465 de
1244 1405 1396 1486 cujus
1425 1407 1589 1466 unius
1616 1409 1811 1468 versus

70 1491 223 1550 sensu
277 1491 377 1551 vix
425 1491 543 1550 duo
599 1489 956 1550 concordare
1010 1487 1392 1549 inveniuntur.
1478 1489 1590 1548 Sed
1651 1490 1811 1568 Jesus

0 1580 1 1594 ¹
72 1571 329 1631 Christus
365 1572 530 1632 nobis
573 1571 817 1631 meliora
853 1570 1139 1651 promisit,
1186 1570 1321 1630 licet
1365 1570 1446 1629 illi
1490 1570 1812 1650 insipientes

71 1653 262 1712 nolint
304 1654 538 1713 credere
578 1677 598 1718 ;
676 1651 944 1732 promisit
998 1653 1151 1711 enim
1195 1653 1522 1731 gubernare
1581 1673 1683 1711 nos
1724 1653 1812 1712 in-

70 1732 297 1794 fallibili
338 1734 439 1793 suo
481 1732 720 1814 Spiritu,
764 1733 1141 1814 velamenque
1183 1733 1363 1805 scidit,
1428 1733 1488 1791 δε
1537 1734 1808 1804 removit,

71 1832 284 1894 utnon
320 1815 507 1875 solum
547 1835 711 1886 unuS,
785 1813 954 1895 idque
996 1815 1171 1874 semel
1217 1815 1274 1874 in
1306 1835 1476 1884 ann0,
1522 1814 1617 1873 sed
1644 1817 1812 1875 unus-

71 1896 308 1976 quisque
343 1896 627 1966 nostrum,
674 1896 847 1975 idque
867 1896 1113 1977 semper,
1158 1896 1470 1975 ingressum
1500 1895 1710 1955 habeat
1737 1898 1814 1956 ad

71 1977 281 2045 illum;
324 1977 387 2036 ὅτ
406 1976 848 2058 quotiescunque
876 1977 1404 2060 appropinquamus
1434 1996 1583 2057 puro
1613 1978 1832 2056 corde,

72 2059 439 2120 voluntatem
466 2059 625 2118 suam
654 2056 823 2118 nobis
845 2059 1062 2141 Spiritu
1094 2059 1334 2130 revelet,
1367 2058 1632 2141 legesque
1651 2081 1812 2120 men-

73 2140 225 2201 tibus
262 2139 471 2202 nostris
498 2139 676 2200 indat.
761 2140 879 2199 His
925 2141 1006 2201 ita
1033 2142 1352 2222 praemiffiS,
1399 2140 1476 2200 fic
1503 2161 1814 2220 argumen-

75 2236 187 2287 tor.
274 2223 380 2283 Ubi
423 2221 511 2283 lex
555 2223 668 2282 Dei
709 2225 870 2283 menti
911 2223 1084 2284 indita
1126 2225 1219 2301 est,
1282 2225 1356 2285 ibi
1395 2224 1645 2304 objee‘ium
1678 2225 1815 2298 fidei

74 2304 147 2365 &
201 2304 461 2366 revelatio
502 2306 738 2382 scientia·
781 2305 893 2365 Dei
936 2307 1007 2381 est
1050 2309 1283 2377 interna,
1346 2305 1672 2374 immediata,
1741 2307 1812 2367 {5³

74 2386 380 2467 objebi'iva3
438 2386 546 2446 Sed
584 2386 672 2446 lex
718 2387 829 2446 Dei
860 2385 1032 2447 indita
1079 2390 1150 2465 est
1194 2391 1375 2458 menti,
1441 2388 1511 2447 &2⁵
1568 2386 1816 2466 inscripta

76 2468 225 2529 cordi
267 2468 653 2550 uniufiujusque
717 2470 841 2528 veri
893 2468 1207 2546 Christiani,
1265 2470 1368 2549 βψ
1416 2488 1548 2527 novo
1591 2469 1811 2545 saedere.

76 2547 252 2630 Ergo
295 2551 542 2632 objebium
576 2549 732 2624 fidei,
779 2550 850 2611 δέ
879 2551 1136 2611 revelatio
1175 2552 1409 2630 scientia>
1456 2550 1567 2607 Dei
1611 2552 1814 2609 unicui-

79 2651 179 2711 que
204 2651 333 2693 vero
362 2631 666 2709 Christiano
700 2632 771 2708 est
796 2634 1028 2703 interna,
1074 2633 1400 2702 immediata,
1448 2631 1516 2693 ὅ
1536 2631 1812 2712 objeeiiva.

80 2712 424 2794 Affumptio
466 2712 727 2773 continet
759 2711 877 2793 ipsa
932 2712 1247 2794 Scripturae
1290 2714 1514 2774 verba:
1579 2729 1819 2792 oportet

80 2807 279 2853 autem
313 2793 774 2876 propositionem
817 2795 926 2853 esse
972 2814 1195 2865 veram,
1259 2793 1360 2853 nisi
1422 2793 1580 2875 quod
1636 2795 1816 2854 menti

82 2873 355 2947 inditum,
425 2874 488 2933 &
546 2874 709 2935 cordi
750 2875 1105 2956 inscriptum,
1189 2876 1282 2936 vel
1338 2897 1454 2936 non
1502 2876 1813 2947 internum,

81 2955 178 3015 vel
223 2976 339 3015 non
367 2955 792 3028 immediatum,
837 2958 932 3018 vel
959 2978 1076 3018 non
1097 2955 1454 3034 objeffivum
1471 2974 1616 3028 erat,
1658 2956 1816 3038 quod

81 3036 195 3098 erit
229 3036 708 3099 absurdiffimum.

165 3118 307 3180 XII.
352 3120 683 3180 TERTIUM
729 3137 1143 3203 argumentum
1180 3121 1483 3182 deducitur
1526 3142 1597 3182 ex
1626 3120 1817 3181 verbis

87 3199 402 3278 Johannis:
477 3200 659 3281 Epist.
705 3202 914 3282 prima,
975 3224 1098 3285 cap.
1149 3202 1204 3262 ii.
1262 3225 1319 3263 v.
1371 3213 1464 3282 27.
1512 3204 1589 3262 Et
1610 3224 1729 3273 vos,
1762 3204 1820 3280 st

83 3284 336 3366 manserit
376 3285 432 3347 in
479 3284 628 3348 vobis
653 3288 848 3358 uan,
908 3306 1067 3367 quam
1115 3287 1369 3364 accepistis
1421 3286 1488 3346 ab
1539 3284 1653 3367 illo,
1717 3305 1820 3342 non

1639 3365 1822 3444 aeceff’
