2086 3640
255 102 347 164 De
371 101 665 182 universali
692 101 762 166 δέ
775 99 1056 182 salutifhro
1085 57 1284 163 lumina
1296 103 1424 183 Jcstt
1453 89 1666 183 Christi.
1738 123 1850 184 149

131 219 255 269 rato
290 228 403 269 non
433 209 734 270 con-ferunt
765 232 783 274 3
827 228 1010 287 neque
1049 211 1364 288 negabunt,
1410 211 1623 270 multos
1649 208 1855 269 essede

33 311 35 314 ·
133 289 382 361 ecclesia,
428 291 527 372 qui
576 289 874 350 vifibiliter
904 286 1020 367 ejus
1064 292 1329 351 rnembra
1368 311 1482 351 non
1517 293 1661 355 sunt.
1742 289 1856 348 Sed

134 369 177 426 fi
216 370 340 429 haec
403 370 645 431 charitas
704 367 1042 431 extendatur
1090 372 1163 431 ad
1209 371 1369 441 taleS,
1435 373 1534 451 qui
1581 372 1708 431 sunt
1753 369 1857 430 ubi

133 449 522 531 Evangelium
549 448 915 530 ptaedicatur,
959 466 1026 508 ut
1071 451 1333 511 dicantur
1381 451 1569 511 salutis
1599 471 1852 531 capaceS,

131 531 263 610 quia
310 533 412 592 sub
460 530 719 610 fimplice·
754 529 1208 609 impoffibilitate
1247 534 1375 592 sunt
1415 533 1673 592 distincte
1716 552 1858 611 cog-

132 612 395 672 noscendi
422 610 607 671 media
646 610 877 670 salutis:
921 612 1032 691 qua
1077 611 1298 671 ratione
1337 614 1427 684 fit,
1473 614 1627 693 quod
1657 613 1857 673 eadem

130 693 378 751 charitas
418 691 625 759 iisnon
660 691 1047 764 exhibebitur,
1096 693 1193 771 qui
1230 695 1462 772 poffunt
1502 694 1735 774 quidem
1757 715 1858 753 au-

127 772 272 843 dire,
318 771 413 832 sed
449 772 575 832 sunt
612 772 714 834 sub
765 771 1022 853 fimplice
1069 772 1522 854 impoffibilitate
1568 774 1853 845 audiendi,

108 852 263 931 „quia
315 874 487 913 nemo
532 853 608 914 eis
647 853 906 914 distinete
934 853 1253 914 declarat?
1322 855 1535 915 Nonne
1563 855 1765 935 aliquis
1799 855 1859 914 in

129 933 315 992 China
343 935 436 994 vel
476 935 635 995 India
682 935 846 1015 aeque
882 934 1213 994 excusabilis
1254 935 1356 1006 est,
1418 937 1577 1014 quod
1604 957 1721 994 non
1757 956 1861 994 no-

131 1014 223 1074 vit
274 1015 332 1074 id
393 1017 552 1097 quod
597 1036 892 1096 nunquam
933 1016 1174 1087 audivit,
1235 1036 1300 1075 ac
1347 1016 1544 1075 surdus
1599 1017 1697 1096 qui
1742 1036 1859 1074 non

131 1095 322 1174 potest
356 1096 577 1169 audire,
624 1097 757 1157 licet
790 1098 1161 1157 annuncietur
1197 1098 1246 1155 ei
1283 1098 1304 1155 ?
1369 1099 1527 1157 Nam
1574 1097 1715 1155 ficut
1742 1115 1859 1154 non

131 1177 214 1235 est
252 1178 594 1238 accusandus
619 1177 838 1248 surdUS‚
904 1179 1039 1237 cum
1072 1179 1227 1237 Deus
1271 1179 1522 1256 patiatur
1562 1177 1728 1235 illum
1757 1176 1861 1235 sub

132 1257 236 1317 tali
265 1258 600 1319 infirmitate
640 1259 748 1319 effe
780 1283 799 1326 ·,
844 1280 1032 1318 nonne
1053 1258 1343 1318 Chinenfis
1384 1258 1644 1325 &Indus
1683 1255 1863 1317 etiam

133 1339 431 1399 excusandi
478 1340 626 1411 sunt,
688 1339 717 1399 a
760 1340 966 1419 quibus
1008 1341 1169 1400 Deus
1214 1340 1674 1420 oportunitatem
1703 1337 1863 1397 audi-

133 1419 266 1478 endi
309 1421 636 1481 abstraxit?
684 1422 809 1503 Qi
849 1421 1067 1502 aliquid
1100 1421 1300 1481 audire
1325 1421 1540 1501 nequit,
1587 1424 1723 1481 cum
1766 1438 1861 1477 ne-

133 1501 366 1560 cessario
417 1503 608 1562 absens
648 1501 738 1572 fit,
803 1503 865 1562 &
905 1503 1005 1580 qui
1052 1521 1167 1562 non
1216 1504 1408 1582 potest
1454 1502 1670 1570 audire,
1731 1499 1863 1579 quia

132 1582 469 1641 naturaliter
506 1583 703 1643 surdus
759 1585 859 1655 est,
918 1584 976 1642 in
1014 1583 1716 1662 eodemffpraedicamento
1765 1581 1866 1639 ha-

135 1662 308 1721 bendi
349 1663 490 1725 sunt.

216 1743 538 1816 SECUNDO,
598 1744 744 1805 Hoc
793 1743 1080 1804 manifeste
1136 1759 1378 1825 apparet
1434 1765 1504 1806 ex
1553 1744 1709 1803 dicto
1757 1744 1863 1803 illo

136 1823 330 1884 Petri:
396 1827 543 1885 aas
582 1846 639 1884 x.
677 1846 773 1903 34.
819 1826 886 1886 In
911 1830 1144 1885 veritate
1188 1829 1428 1903 comperi,
1494 1829 1618 1906 quia
1645 1846 1746 1885 non
1787 1829 1865 1885 est

127 1904 471 1983 persbnarum
519 1920 755 1983 acceptor
798 1907 991 1972 Deu53
1046 1907 1148 1984 sed
1194 1910 1248 1966 in
1289 1909 1428 1965 omni
1461 1919 1632 1986 gente,
1679 1911 1768 1986 qui
1794 1909 1864 1965 ti-

134 1999 241 2045 met
277 2007 414 2058 eum,
460 1987 531 2048 &⁹
558 2000 809 2064 operatur
834 1989 1120 2068 justitiam,
1168 2000 1402 2064 acceptus
1441 1992 1518 2046 eft
1546 1987 1650 2045 illi.
1736 1989 1866 2046 An-

136 2082 227 2125 tea
245 2067 470 2138 Petru3‚
515 2066 680 2127 ficuti
698 2069 892 2127 caeteri
915 2068 1124 2146 Judaei,
1151 2071 1395 2148 putabat
1421 2088 1622 2129 omnes
1652 2084 1867 2148 praeter

109 2145 265 2206 ‘illos
309 2146 589 2218 damnari,
659 2169 841 2228 neque
883 2149 1135 2229 aliquem
1177 2149 1381 2209 servari
1430 2149 1693 2228 potuisse,
1762 2149 1865 2208 nifi

127 2226 194 2288 in
231 2227 505 2308 religione
537 2249 743 2289 eorum
771 2230 833 2288 ὅτ
862 2229 1220 2290 circumcisus
1248 2230 1383 2289 esset
1412 2251 1426 2287 ε
1471 2229 1564 2289 sed
1585 2230 1740 2289 Deus
1763 2232 1864 2292 ali-

138 2324 227 2367 ter
275 2309 516 2372 Petrum
545 2310 775 2372 edocuit
809 2311 864 2370 in
888 2310 1127 2383 vifione,
1193 2332 1263 2370 ex
1304 2313 1412 2390 qua
1462 2311 1658 2370 didicit
1706 2316 1867 2371 nemi-

134 2410 254 2448 nem
289 2411 599 2452 communem
640 2405 734 2452 aut
773 2393 1094 2453 immundum
1119 2413 1313 2451 vocare
1341 2414 1358 2449 :
1401 2393 1462 2451 &
1489 2413 1670 2471 quum
1709 2394 1867 2453 Deus

114 2470 367 2551 respicit
428 2492 620 2552 preces
677 2474 952 2544 Cornelii,
1023 2473 1122 2553 qui
1177 2472 1293 2552 legi
1353 2474 1413 2531 ὅτ
1456 2473 1585 2550 Jesu
1637 2473 1868 2533 Christo

113 2553 335 2630 -quoad
371 2553 534 2614 extra
569 2555 903 2634 peregrinus
930 2571 1074 2624 erat,
1119 2554 1265 2613 vidit
1300 2570 1492 2611 tamen
1525 2552 1726 2612 Petrus
1750 2553 1868 2612 De-

138 2650 243 2691 um
270 2635 543 2713 accepiffe
582 2635 772 2707 illurn,
815 2635 1056 2713 ideoque
1087 2634 1401 2702 concludit,
1448 2636 1503 2691 in
1544 2637 1684 2692 omni
1718 2648 1868 2713 gente

128 2714 247 2790 fine
290 2716 518 2791 respeilu
554 2717 920 2794 personarum,
962 2718 1053 2795 qui
1095 2718 1241 2773 timet
1285 2715 1463 2773 Deum
1504 2714 1573 2774 ὅ
1599 2716 1867 2795 justitiam

143 2799 414 2870 operatur,
457 2810 719 2874 acceptum
764 2799 908 2876 fore⁴
991 2794 1306 2853 Timorem
1370 2794 1547 2874 igitur
1610 2795 1748 2865 Dei,
1805 2796 1868 2855 δί·

146 2874 545 2955 operationem
576 2874 836 2956 justitiae,
894 2895 1015 2953 ,non
1065 2891 1355 2934 externam
1397 2874 1662 2955 aliquam
1695 2875 1868 2936 scien·

142 2958 310 3028 tiam,
355 2956 842 3037 qualificationem
886 2956 1243 3016 necessariam
1271 2954 1425 3025 facit,
1469 2955 1580 3035 qua
1611 2956 1868 3016 homines

114 3036 388 3097 'salutem
424 3037 806 3117 assequuntur.
890 3037 1187 3097 Hactenus
1234 3052 1426 3096 autem
1469 3037 1864 3115 probavimus»,

118 3118 451 3199 -unicuique
505 3117 668 3177 illam
716 3117 1113 3199 gratiam·effe
1144 3116 1361 3185 datam,
1406 3118 1515 3197 qua
1547 3132 1867 3198 temperant-

118 3213 258 3270 «.ter,
309 3198 460 3278 juste
507 3199 567 3257 &
622 3197 715 3277 pie
761 3197 954 3258 vivere
996 3196 1238 3278 possent.
1321 3197 1402 3256 Et
1455 3198 1712 3258 videmus
1765 3199 1868 3257 hfic

141 3280 330 3360 gratia
377 3278 714 3356 Cornelium
760 3279 840 3342 ita
875 3278 1098 3423 feciffeI:
1126 3278 1186 3334 &
1228 3278 1870 3359 acceptum-fuissbfl&

1144 3377 1178 3439 3
1681 3379 1875 3444 preces
