2086 3640
262 118 343 178 34
545 88 1720 156 THESISSECU'NDA.

259 203 419 283 Siqui
438 203 615 282 igitur
637 201 747 258 hoc
769 194 950 255 modo
980 193 1414 266 ratiocinemur,
1448 199 1573 278 quia
1599 200 1786 278 iniqui,
1817 200 1988 278 impii,

260 286 332 346 δέ
361 283 606 344 diabolici
630 280 858 337 homines
906 275 1056 335 mala
1081 277 1492 355 perpetrdrunt,
1538 278 1609 339 ἑά
1631 279 1802 345 adhuc
1826 281 1994 342 multo

248 367 399 446 pejus
436 359 781 440 affirmdrunt
809 360 871 435 fi·
897 357 973 417 ad
1004 359 1118 417 hoee
1150 361 1262 418 Dei
1286 360 1490 437 Spiritu
1527 360 1705 420 dubios
1733 361 1802 423 &³
1830 356 1991 432 ditos,

259 466 426 525 ergo,
491 462 635 501 nemo
679 441 825 500 debet
868 439 946 500 ad
982 439 1092 500 Dei
1137 443 1397 519 Spiritum
1446 443 1714 502 attendere
1746 466 1764 509 ;
1808 462 1898 501 nec
1939 464 1997 503 eo

259 530 371 606 regi
398 542 651 605 quaerere.
717 517 915 598 Hujus
942 522 1350 604 propositionis
1379 522 1840 604 consequentiam
1868 542 1999 583 orn-

255 607 393 669 nino
439 625 614 685 neg0‚
674 603 735 663 ὅτ
793 603 1039 683 rejicio;
1102 626 1234 687 quae
1282 604 1325 661 fi
1368 623 1506 664 vera
1560 604 1989 676 admitteretur,

256 703 395 747 tunc
422 686 612 747 omnis
655 685 717 745 in
751 685 944 747 Deum
974 686 1118 747 fides
1153 685 1216 746 &
1249 685 1442 746 salutis
1476 685 1596 766 spes
1625 685 1840 748 incerta
1868 683 1997 746 red-

252 767 510 841 deretur,
554 768 618 828 &
672 765 880 848 religio
929 767 1248 828 Christiana
1287 767 1346 825 in
1372 766 1815 847 Scepticismum
1857 787 1996 827 con-

228 851 598 911 verteretur.
687 850 848 912 Nam
877 850 1083 910 eodem
1108 848 1288 909 modo
1325 867 1569 929 arguere
1595 850 1837 930 pofl‘em,
1870 851 1998 928 quia

255 933 392 991 Eva
431 933 696 1011 Serpentis
738 932 1003 992 mendacio
1050 932 1259 1009 decepta
1291 931 1432 1009 fuit,
1496 950 1663 1011 ergn,
1723 933 1835 994 Dei
1862 946 1996 1008 pro-

252 1015 471 1088 mzffioni
515 1014 723 1075 credere
775 1035 878 1073 non
927 1013 1118 1074 debuit.
1203 1012 1356 1092 Qia
1388 1014 1561 1090 primi
1602 1013 1831 1074 homines
1869 1023 1997 1072 ante

252 1095 519 1156 diluvium
572 1095 818 1175 malignis
864 1096 1149 1172 Spiritibus
1207 1093 1610 1163 deludebantur,
1671 1114 1840 1176 erge,
1901 1113 1994 1153 nec

251 1176 439 1249 N'oah,
505 1199 596 1238 nec
629 1177 937 1247 Abraham,
998 1197 1090 1236 nec
1134 1178 1344 1257 Moyst’s
1379 1177 1490 1235 Dei
1514 1176 1743 1253 Spiritui
1784 1175 1997 1236 credere

249 1259 520 1319 debebant.
606 1258 758 1338 Qia
813 1259 1042 1336 Spiritus
1089 1258 1317 1319 mendax
1362 1257 1671 1338 loquebatur
1711 1273 1820 1336 per
1860 1277 1993 1338 qua-

250 1341 550 1422 dringentos
589 1341 709 1399 illos
753 1341 1072 1418 Prophetas,
1139 1342 1230 1420 qui
1273 1339 1553 1399 Achabum
1600 1339 1993 1419 perfiiadebant
2080 1404 2083 1410 ¹

250 1423 518 1499 ascendere
548 1422 624 1481 ad
661 1424 898 1482 Ramoth
917 1421 1134 1493 Gilead,
1181 1420 1252 1484 &
1281 1422 1356 1481 ibi
1370 1437 1639 1502 pugnare,
1683 1440 1830 1501 ergo
1866 1419 1998 1480 veri

248 1503 483 1581 Spiritzis
518 1505 858 1581 testimonium
903 1506 958 1565 in
1005 1503 1261 1584 Micajah
1287 1515 1408 1562 erat
1444 1505 1698 1563 incertum
1738 1503 1809 1565 &
1841 1504 1995 1582 peri-
2066 1567 2071 1579 ,Ἴ

246 1585 495 1664 culosum.
582 1584 735 1664 Qia
760 1583 1007 1663 seducens
1050 1586 1281 1662 Spiritus
1317 1583 1443 1643 olim
1483 1586 1540 1644 in
1586 1584 1878 1662 Ecclefiam
1913 1586 1994 1644 ir-
2063 1603 2066 1606 ⁴

247 1669 428 1744 repsit,
459 1685 628 1746 ergo,
648 1686 749 1724 non
773 1667 960 1726 bonum
993 1666 1082 1750 est,
1128 1664 1223 1724 vel
1241 1667 1494 1725 incertum
1521 1665 1613 1742 est,
1640 1667 1794 1747 sequi
1819 1670 1994 1727 uniti-
2064 1727 2066 1730 .

246 1770 412 1821 onem,
459 1770 578 1829 quae
624 1747 764 1807 docet
810 1750 1007 1819 omnia,
1070 1746 1141 1808 ἐξ
1169 1757 1361 1806 verum
1388 1747 1480 1824 est,
1546 1742 1617 1809 &²
1645 1767 1749 1808 non
1774 1750 1991 1812 menda·

242 1833 396 1890 cium.
485 1830 635 1912 Qis
664 1827 836 1889 audet
873 1829 1167 1889 affirmare
1201 1827 1347 1887 hanc
1376 1827 1838 1908 consequentiam
1882 1833 1992 1893 effe
2057 1817 2081 1898 3

246 1911 516 1971 bonam?
566 1912 880 1982 Praeterea,
941 1930 1060 1970 non
1112 1910 1301 1969 solum
1351 1908 1492 1969 fides
1540 1909 1887 1974 sanctorum
1928 1913 1993 1974 δε
2054 1926 2081 1988 ξι

242 1992 497 2072 antiquae
526 1991 801 2051 Ecclesiae
821 1991 932 2052 hoc
960 1989 1140 2052 modo
1163 1992 1378 2051 incerta
1407 1990 1686 2063 redditur,
1718 1992 1814 2053 sed
1841 1993 1988 2057 fides
2056 1991 2069 1998 ”

241 2073 510 2133 omnium
561 2072 1021 2133 Christianorum
1058 2070 1492 2153 uniuscujusque
1534 2072 1737 2152 speci’e’i
1779 2075 1988 2138 eodem
2050 2071 2080 2141 ,Ἄ

243 2155 425 2214 modo
447 2152 830 2235 periclitatur,
874 2154 1052 2215 etiam
1082 2152 1342 2224 illorum,
1388 2154 1489 2235 qui
1515 2153 1674 2216 aliud
1701 2156 1733 2215 ὲ
1765 2157 1988 2237 Spiritu
2047 2152 2073 2222 ’,

239 2254 350 2316 pro
396 2235 512 2296 fide
555 2235 649 2296 sua
694 2234 1138 2297 fundamentum
1186 2251 1474 2317 quaerunt.
1559 2238 1621 2297 Si
1644 2240 1782 2298 enim
1808 2241 1986 2319 Spiri-

238 2330 325 2377 tus
362 2318 446 2394 fic
492 2322 739 2388 incertus,
787 2317 858 2380 δεῖ
914 2338 1018 2379 non
1062 2317 1426 2389 attendendus,
1483 2321 1615 2399 ,quia
1655 2316 1869 2402 quidam
1922 2324 1983 2384 in

241 2420 451 2479 magnos
497 2399 793 2459 inciderunt
833 2420 1057 2470 errores,
1103 2399 1228 2460 dum
1270 2420 1325 2460 eo
1364 2401 1428 2478 se
1458 2402 1572 2482 regi
1618 2399 1978 2481 affirmarent,
2043 2398 2078 2480 ,³

241 2481 514 2559 probabo
563 2500 668 2560 per
702 2480 1148 2561 inexpugnabile
1191 2495 1604 2562 argumentum
1633 2483 1710 2543 ab
1759 2482 1984 2547 incom-
2039 2498 2069 2558 j*

242 2562 444 2633 modo,
488 2563 846 2633 traditionem,
889 2565 1244 2640 Scripturam,
1289 2562 1352 2621 &
1379 2565 1637 2624 rationem
1663 2563 1979 2642 humanam,

241 2663 382 2721 quas
420 2645 708 2719 Pontificii,
757 2644 1136 2722 Protcstantes,
1198 2643 1262 2702 δε
1286 2643 1574 2715 Sociniani,
1621 2644 1764 2721 fidei
1809 2667 1983 2730 regu-
2022 2640 2039 2688 ·’

242 2723 362 2782 lam
407 2724 718 2803 respective
753 2724 993 2796 faciunt,
1037 2725 1225 2784 eidem
1253 2724 1603 2784 dubitationi
1626 2726 1830 2787 obvias
1849 2731 1979 2793 effe.
2032 2726 2086 2801 ξ’«ῑ

243 2803 543 2878 Pontificii
587 2825 780 2873 errare
806 2825 902 2866 eos
930 2821 1160 2885 putant,
1206 2805 1306 2886 qui
1337 2805 1552 2867 Pascha
1580 2807 1768 2880 aliter,
1800 2809 1982 2891 quam
2037 2804 2086 2935 ἐ

243 2885 302 2943 in
347 2885 600 2946 Ecclesia
629 2887 898 2946 Romana
927 2888 1020 2959 fit,
1053 2886 1389 2953 celebrant3
1434 2886 1560 2948 haec
1590 2891 1982 2953 controversia

242 2965 614 3034 solummodo
659 2967 943 3031 traditione
992 2967 1296 3039 deciditur,
1366 2966 1430 3028 δε
1485 2984 1680 3032 tamen
1722 2971 2004 3035 Ecclefia'
2031 2941 2061 3110 ξ

244 3045 577 3119 Orientali8‚
640 3068 774 3128 quae
814 3050 1151 3110 traditionem
1187 3047 1464 3129 sequitur,
1508 3051 1676 3113 aliter
1705 3053 1976 3116 celebrat.
2033 3115 2052 3125 .‚

245 3125 281 3159 ἦ
326 3129 473 3188 Adeo
520 3130 824 3208 infitfficiens
868 3132 943 3192 ad
965 3131 1300 3193 decidendum
1335 3135 1414 3194 es'z‘
1439 3133 1683 3207 traditio,
1725 3147 1788 3194 ut
1813 3134 1978 3217 Poly·
2028 3114 2047 3217 f

1787 3232 1984 3297 carpus
2030 3242 2034 3247 ⁴

2073 3348 2080 3391 l

2073 3412 2078 3454 ,³

301 3374 338 3439 ῃ
369 3371 531 3442 euseb.
551 3374 678 3440 Hist.
695 3378 861 3443 Ecclefi
897 3376 982 3432 za.
1000 3388 1045 3445 5·
1065 3391 1157 3447 cap.
1193 3382 1275 3438 26.
