2086 3640
167 85 260 144 De
283 74 582 156 universali
608 75 681 140 Β
705 76 993 157 salutifero
1028 67 1226 138 lumine
1249 78 1382 157 Jcfic
1409 75 1628 154 Christi.
1697 96 1813 157 147

81 191 390 252 Adamum
439 186 662 248 malum
706 200 1050 263 receperunt
1110 183 1185 244 ad
1230 185 1662 245 damnationem
1698 187 1814 249 du*

5 307 8 309 ·
74 291 226 341 cenS,
292 286 432 330 tunc
474 286 671 328 omnes
713 267 890 325 etiam
936 282 1272 344 receperunt
1321 266 1664 326 beneficium
1707 285 1816 350 per

76 351 374 412 Christum
415 348 490 409 ad
522 345 995 426 justificationem
1030 346 1284 405 ducens:
1355 347 1466 405 Sed
1530 347 1685 427 prius
1731 351 1816 418 est

72 452 319 493 verum:
364 431 531 508 Ergo
572 430 636 489 &
684 425 981 506 posteriuS.
1067 425 1163 485 Ex
1210 427 1376 485 dietis
1402 427 1605 492 diserte
1633 429 1816 512 sequi-

73 530 191 586 tur,
238 532 455 580 omneS,
519 507 698 568 etiam
747 506 1023 576 ethnicos,
1068 508 1313 585 potuiffe
1360 510 1612 569 servari:
1677 532 1815 575 nam

76 595 319 673 Christus
361 595 418 652 in
447 589 614 649 lucem
646 590 880 669 gentium
908 589 1212 664 constitutus
1251 593 1348 660 eff,
1396 591 1506 668 Jes.
1538 592 1680 653 xlix.
1717 594 1772 655 6.
1830 649 1834 653 .

155 677 196 735 S
216 694 239 732 1
271 673 395 754 quis
423 686 621 732 autern
642 669 872 740 dixerit,
917 668 1038 729 licet
1054 672 1326 747 potuerint
1345 675 1593 751 servari,
1637 688 1839 737 tamen·-

75 754 258 819 nullus
291 775 470 816 eorum
496 751 732 832 fhlutem
754 751 973 830 adeptus
991 755 1117 824 eft:
1159 751 1228 809 Id
1247 754 1389 810 vero
1417 753 1642 827 sentire,
1677 777 1815 816 con-

73 854 166 899 tra
191 855 428 898 omnem
447 834 789 894 charitatem
815 846 1042 913 pugnat
1065 855 1085 898 3
1117 851 1299 911 neque
1319 832 1491 893 video
1515 839 1816 926 quomodo
1840 882 1848 889 .

73 920 235 982 suam
256 918 401 980 hanc
421 914 758 996 opinionem
786 911 1036 974 stabilire
1057 917 1289 992 possint.
1349 913 1480 974 Imo
1510 916 1646 978 licet
1673 940 1815 979 con·
1839 946 1841 948 ·

75 1001 396 1070 cederetur,
440 998 602 1077 quod
631 1012 824 1057 tamen
861 993 1062 1054 falsum
1106 995 1206 1066 est,
1254 997 1541 1056 neminem
1588 1020 1662 1058 ex
1698 1001 1817 1062 illis

76 1081 238 1142 fuiffe
272 1081 561 1140 servatum
595 1103 615 1146 ;
683 1097 800 1137 non
827 1076 955 1136 inde
1010 1075 1357 1156 sequeretur,
1403 1098 1518 1136 non
1546 1081 1823 1158 potuisse,-

77 1162 194 1234 vel,
238 1161 338 1242 qui
369 1160 427 1220 in
461 1178 670 1219 eorum
698 1158 1028 1218 conditione
1058 1158 1225 1229 stant,
1251 1179 1366 1217 non
1394 1160 1552 1237 poffe
1579 1160 1811 1231 servari,

75 1245 230 1323 quia,
277 1245 314 1302 a*
370 1263 473 1301 non
506 1240 602 1320 effi
642 1238 719 1299 ad
740 1260 842 1300 non
880 1241 1020 1320 poffie
1059 1261 1161 1300 non
1205 1239 1369 1300 datur
1394 1240 1628 1320 st’quela.
1701 1243 1834 1302 Sed,

75 1325 119 1384 fi
158 1320 488 1401 objiciatur,
536 1342 669 1400 quae
705 1322 945 1401 quidem
995 1322 1247 1382 maxima
1276 1321 1527 1398 objee'tio
1563 1323 1666 1394 est,
1711 1346 1815 1384 non

75 1410 131 1467 in
185 1406 364 1486 aliquo
404 1404 514 1464 alio
548 1403 643 1483 ff
674 1403 927 1482 stzlutem,
997 1424 1090 1463 nec
1139 1402 1293 1463 aliud
1342 1422 1524 1463 nomen
1571 1403 1666 1483 cffi’
1711 1403 1815 1485 fifh

75 1487 205 1551 coelo
249 1488 435 1547 datum
480 1485 770 1546 hominibus
809 1489 864 1546 in
912 1506 1008 1567 quo
1035 1498 1269 1562 oporteat
1323 1506 1413 1544 nos
1437 1486 1625 1563 salvos
1657 1489 1811 1561 fieri,

80 1572 180 1647 nist
225 1571 281 1628 in
318 1569 522 1628 nomine
558 1568 688 1645 Jefic
733 1567 975 1643 Christi:
1019 1569 1107 1647 qui
1134 1568 1299 1645 igitur
1336 1568 1426 1625 hoc
1465 1587 1566 1626 non
1606 1571 1813 1640 n5rint,

81 1672 184 1712 non
218 1650 359 1728 poffi’
382 1651 625 1726 servari.
710 1647 1073 1726 Respondeo,
1119 1645 1255 1706 licet
1279 1667 1395 1706 non
1435 1650 1669 1707 externe
1688 1649 1816 1709 nos·-

82 1748 234 1800 cant,
281 1730 324 1788 fi
359 1745 554 1789 tamen
590 1727 886 1787 sentientes
925 1728 1045 1787 vim
1075 1728 1137 1786 &
1164 1727 1440 1788 virtutem
1480 1727 1616 1808 ejus,
1663 1728 1816 1790 intus

77 1813 315 1874 noscant
344 1831 558 1870 nomen
598 1808 731 1887 Jesu
777 1809 1004 1868 realiter
1031 1811 1214 1890 (quod
1249 1811 1615 1869 Servatorem
1644 1811 1818 1891 figni-

0 1955 4 1963 ,
83 1895 248 1973 ficat)
290 1891 570 1951 redimens
598 1890 731 1949 illos
775 1889 833 1948 in
861 1890 1128 1951 cordibus
1156 1891 1187 1949 a
1232 1890 1476 1971 peccatis
1522 1891 1818 1972 &iniqui-

80 1975 293 2036 tatibus
337 1991 566 2041 eorum,
611 1991 716 2051 per
751 1970 898 2030 illud
923 1971 1066 2031 salvi
1094 1973 1258 2031 fiunt.
1342 1973 1559 2052 Fateor
1586 1973 1817 2034 nullum

81 2055 241 2119 aliud
266 2073 480 2113 nomen
521 2052 596 2112 ad
636 2051 877 2112 salutem
913 2055 1021 2112 effe
1057 2053 1307 2113 datum:
1371 2054 1466 2113 sed
1509 2055 1657 2114 salus
1699 2077 1818 2115 non

84 2137 143 2199 in
172 2135 384 2198 literali
429 2133 676 2204 scientia,
720 2132 815 2193 sed
855 2135 1290 2216 experimentali
1321 2132 1493 2213 jacet.
1574 2157 1710 2196 nam
1748 2137 1821 2194 fi·-

85 2218 225 2290 cuti,
268 2215 369 2297 qui
405 2214 689 2276 literalem
726 2214 1019 2276 seientiam
1056 2217 1293 2287 habent,
1337 2237 1454 2277 non
1495 2217 1559 2276 ea
1596 2219 1820 2278 serven-

88 2316 207 2371 tur,
253 2296 367 2358 slne
414 2295 633 2357 interna
670 2297 783 2357 hac
820 2298 956 2357 reali
999 2298 1061 2356 &
1096 2297 1531 2379 experimentali
1552 2298 1819 2360 scientia:

86 2381 181 2441 Sic
218 2379 413 2450 etiam,
455 2377 555 2459 qui
598 2378 813 2439 realem
857 2378 1151 2440 scientiam
1194 2380 1428 2451 habent,
1473 2382 1682 2461 absque
1723 2403 1845 2440 ex—.

89 2461 248 2523 terna
290 2461 499 2521 servari
545 2461 798 2540 poffunt,
861 2477 931 2522 ut
977 2462 1333 2542 argumentis
1436 2462 1588 2521 ostea
1643 2461 1824 2521 addu-

89 2542 279 2604 cendis
322 2541 509 2604 adhue
545 2542 732 2622 magis
771 2543 1090 2622 apparebit.
1176 2544 1337 2605 Nam
1399 2563 1418 2600 1
1462 2542 1722 2602 distineta
1760 2543 1831 2602 &-

72 2641 325 2688 externa
351 2623 608 2704 cognitio
638 2622 852 2683 Christi
877 2623 1173 2683 necessaria
1204 2623 1346 2682 mihi
1367 2623 1470 2695 est,
1514 2639 1824 2704 antequam

93 2704 440 2765 beneficium
475 2702 664 2763 ullum
682 2724 787 2784 per
814 2724 949 2764 eum
991 2705 1287 2773 haberem,
1334 2719 1469 2764 tunc
1484 2702 1655 2764 etiam
1685 2723 1825 2764 con-

96 2782 410 2845 trariorum
450 2784 648 2863 regula
685 2786 1030 2864 sequeretur,
1102 2804 1206 2842 nec
1260 2784 1539 2845 damnum
1586 2786 1828 2868 aliquod

0 2921 2 2925 .
92 2865 359 2926 sustinere
380 2885 474 2924 me
500 2865 683 2943 posse,
726 2863 829 2925 nisi
865 2865 1039 2924 etiam
1062 2863 1386 2925 distinetam
1421 2866 1591 2938 illius,
1639 2868 1667 2925 a
1707 2888 1829 2947 quo

90 2947 411 3017 derivatur,
484 2945 757 3006 haberem
810 2945 1222 3026 cognitionem,
1296 2949 1433 3007 cum
1481 2949 1831 3028 experientia

99 3029 462 3094 eontrarium
514 3026 739 3087 abunde
793 3027 1191 3094 demonstrem
1256 3044 1401 3108 quot
1460 3029 1610 3088 Adae
1669 3029 1830 3109 lapsu

102 3107 382 3170 damnum
412 3107 667 3188 capiunt,
708 3107 1090 3188 quiunquam
1119 3108 1297 3168 talem
1338 3106 1497 3168 fuiffe
1534 3110 1832 3170 hominem

6 3249 10 3256 .
98 3205 217 3252 non
242 3192 478 3262 norunt,
539 3188 601 3247 &
640 3188 712 3247 de
739 3186 856 3267 ejus
894 3189 987 3248 esu
1018 3188 1297 3269 prohibiti
1340 3189 1558 3250 fruetus
1599 3191 1835 3270 prorsus

107 3268 294 3352 ignari
318 3271 466 3346 sunt,
511 3289 688 3353 quare
721 3288 839 3333 non
867 3269 1294 3411 etiamLpoffint
1330 3269 1629 3334 servari&
1653 3271 1835 3412 sanari

1132 3368 1163 3410 2
1718 3371 1836 3414 ono
