2086 3640
255 111 375 189 276
567 105 1044 170 THESIS
1125 101 1688 166 DECIMA.

249 214 626 296 supplendam
672 213 1056 273 necessitatem
1077 210 1421 285 offerebant,
1465 210 1738 290 accipere.
1799 209 1977 272 Unde

249 294 449 374 liquet,
495 313 595 354 eos
623 314 739 353 non
775 294 981 352 debere
1021 291 1235 370 aliquid
1274 302 1495 369 petere,
1538 289 1630 349 seu
1666 290 1727 348 vi
1755 306 1853 351 aut
1873 313 1977 352 co-

247 375 521 434 ercitione
560 374 896 454 efflagitare,
947 372 1009 429 &
1030 372 1220 454 primo
1241 371 1430 430 foedus
1460 369 1617 440 inire,
1666 369 1809 430 ficut
1827 392 1977 451 prae-

251 453 537 514 dicatores
575 472 693 529 tam
739 452 1121 514 Protestantes
1160 471 1333 532 quam
1376 448 1666 510 Pontificii
1705 470 1854 510 nunc
1892 453 1979 512 fa-

250 535 428 606 ciunt,
494 536 593 615 qui
631 534 844 594 nemini
899 532 1108 593 volunt
1147 532 1482 612 praedicare,
1555 531 1738 590 donec
1785 531 1979 610 primo

249 616 543 675 certiorati
564 615 692 686 sint,
739 627 965 675 tantum
994 613 1296 693 quotannis
1334 612 1638 692 accipere3
1680 610 1765 670 illi
1785 628 1980 673 autem

248 695 284 755 ὲ
315 710 516 756 contra
558 715 792 758 munere
818 695 917 758 suo
949 694 1080 775 justi
1103 694 1326 760 fuerant
1351 692 1536 773 fiangi,
1560 692 1643 765 ὅτ,
1677 691 1820 752 sicut
1845 713 1981 774 gra-

156 851 158 855 y
249 775 324 835 tis
371 792 728 856 acceperant,
795 775 871 836 fic
920 774 1098 856 gratis
1152 774 1504 846 distribuere,
1570 793 1686 834 non
1728 774 1981 853 petendo

250 856 346 915 vel
386 856 740 936 expectando
782 872 883 917 aut
922 856 1280 937 deposcendo
1331 854 1672 929 mercedem.
1778 857 1980 946 Qam

248 936 353 996 dat
401 938 532 996 huic
594 937 1010 1018 responsionem
1056 937 1180 998 Nic.
1226 936 1518 1008 Arnoldus‚
1562 935 1980 995 exercitationis

247 1017 366 1078 suae
422 1019 567 1078 Sect.
613 1039 716 1093 42,
764 1041 861 1098 43.
919 1018 1158 1079 minime
1218 1017 1477 1083 oblivisci
1533 1015 1695 1087 libet,
1759 1015 1852 1075 sed
1921 1017 2025 1076 in.

239 1098 472 1177 ‘scriptis
508 1099 902 1179 praeservanda
941 1099 1022 1158 est
1071 1099 1143 1158 ad
1171 1100 1511 1178 perpetuam
1538 1096 1710 1176 ipsius
1750 1096 1813 1154 &
1864 1097 1982 1158 fra-

253 1194 412 1239 trum
456 1180 689 1238 suorum
739 1181 1104 1250 memoriam,
1151 1200 1221 1239 ex
1250 1179 1445 1238 animo
1482 1178 1635 1237 enim
1664 1177 1776 1237 hoc
1797 1177 1979 1238 modo

242 1259 576 1339 respondet,
640 1282 728 1321 nos
767 1265 942 1342 gratis
995 1282 1096 1321 non
1153 1262 1454 1337 accepimus,
1520 1279 1579 1318 er
1610 1280 1637 1316 o
1678 1280 1770 1318 nec
1809 1263 1985 1339 gratis

245 1340 384 1401 dare
422 1354 671 1406 tenemur.
754 1342 1202 1421 Responfionem
1231 1341 1538 1419 ingenuam
1569 1281 1756 1398 {neor
1785 1340 1847 1398 &
1877 1342 1983 1401 bo-

254 1441 410 1480 nam.
495 1421 552 1479 Si
601 1422 752 1482 enim
787 1423 883 1501 qui
925 1422 1103 1501 ‘gratis
1144 1420 1453 1500 accipiunt,
1497 1418 1676 1500 gratis
1711 1419 1846 1480 dare
1901 1437 1985 1480 te-

253 1517 513 1571 neantur,
559 1501 786 1561 videtur
800 1503 936 1561 vere
958 1500 1381 1561 contrariorum
1411 1500 1608 1580 regula
1629 1500 1800 1580 sequi,
1823 1501 1985 1581 quod

254 1581 354 1659 qui
396 1582 575 1662 gratis
603 1603 717 1642 non
746 1583 1054 1662 accipiunt,
1115 1601 1219 1640 nec
1261 1582 1440 1660 gratis
1479 1581 1615 1641 dare
1661 1594 1982 1654 teneantur,

252 1663 317 1720 δε
346 1678 540 1721 totum
589 1663 921 1727 concedam.
1005 1663 1262 1743 Oportet
1323 1676 1516 1720 autem
1564 1659 1705 1721 mihi
1753 1681 1984 1743 quoque

253 1740 592 1811 concedant,
637 1744 794 1824 quod
815 1765 930 1804 non
958 1764 1063 1824 per
1094 1762 1276 1824 neque
1311 1741 1620 1803 secundum
1650 1742 1901 1821 gratiam
1921 1745 1986 1804 δε

251 1824 472 1883 donum
501 1824 530 1880 a
557 1824 686 1883 Deo
714 1842 1014 1905 acceptum
1038 1825 1372 1905 praedicent,
1410 1843 1592 1903 neque
1613 1827 1825 1904 poffint
1847 1826 1984 1887 boni

250 1904 660 1982 dispensatores
701 1907 807 1964 effe
832 1905 1162 1966 multifariae
1193 1904 1302 1964 Dei
1343 1904 1570 1985 gratiae,
1616 1905 1797 1985 qualis
1818 1927 1985 1967 verus

251 1985 626 2064 unusquisque
663 1985 917 2045 minister
956 1987 1063 2046 esse
1105 1985 1297 2055 debet,
1357 1985 1452 2044 vel
1491 1983 1709 2045 donum
1733 1987 1844 2047 hoc
1884 2007 1959 2067 pe

252 2065 419 2124 cunia
457 2065 646 2144 adepti
694 2066 843 2136 sunt,
890 2082 1069 2146 prout
1111 2065 1402 2145 acquirere
1438 2064 1586 2124 iilud
1633 2066 1871 2127 volebat
1894 2068 1981 2128 Si-

242 2165 396 2205 mon
439 2147 678 2224 Magu3,
725 2166 859 2205 eum
898 2147 1105 2227 absque
1132 2145 1364 2225 pecunia
1409 2165 1525 2204 non
1552 2147 1732 2207 teneri
1758 2147 1812 2208 se
1838 2147 1983 2209 illud

252 2226 442 2284 rursus
483 2226 619 2286 dare
655 2225 993 2287 existiment.
1076 2227 1210 2298 Sed,
1255 2242 1321 2285 ut
1361 2225 1476 2306 ipse
1497 2243 1670 2305 puto,
1715 2249 1780 2307 ea
1822 2250 1983 2290 mens
2063 2232 2073 2262 ‘¹

251 2306 336 2365 est
370 2307 620 2379 Arnoldi,
691 2308 847 2388 quasi
890 2308 1065 2380 dicat,
1131 2306 1174 2365 fi
1212 2326 1417 2366 verum
1474 2307 1678 2368 dicere.
1714 2309 1979 2383 velimuS‚

252 2387 430 2446 nostri
473 2388 746 2459 Ministri,
791 2389 853 2447 &
898 2388 1243 2451 Professores
1274 2407 1390 2447 non
1417 2388 1446 2446 a
1492 2389 1678 2467 gratia
1699 2406 1800 2450 aut
1826 2391 1983 2452 dono

255 2467 575 2547 praedicant
609 2469 920 2542 &docent,
964 2465 1058 2529 sed
1091 2471 1168 2531 ab
1196 2468 1479 2548 acquisitis
1512 2469 1736 2531 artibus
1771 2471 1834 2529 &
1862 2473 1976 2531 stu-

253 2548 381 2620 diis,
428 2570 558 2629 quae
606 2571 722 2609 non
762 2551 874 2610 fine
921 2551 1122 2612 labore
1177 2550 1238 2609 δε
1285 2549 1522 2629 pecunia
1579 2549 1637 2610 in
1677 2551 1980 2615 academiis

254 2630 408 2689 nacii
450 2630 615 2696 sunt;
660 2629 921 2711 ideoque,
970 2631 1114 2691 sicut
1132 2631 1229 2711 qui
1267 2630 1569 2711 pecuniam
1594 2631 1834 2711 publico
1857 2634 1980 2693 col-

255 2711 402 2790 lybo
423 2712 688 2791 apponit,
733 2712 920 2772 foenus
940 2712 1248 2792 expediam
1294 2711 1370 2770 fic
1398 2711 1456 2771 hi
1477 2712 1812 2784 scholastici,
1845 2734 1980 2775 cum

254 2792 556 2870 pecuniam
606 2793 1009 2872 impenderint,
1070 2808 1254 2853 artem
1297 2792 1645 2871 praedicandi
1684 2792 1978 2867 discenteS,

255 2873 395 2932 vere
436 2872 622 2932 dicere
666 2874 918 2953 possunt,
982 2874 1141 2954 quod
1162 2874 1344 2952 gratis
1385 2894 1500 2934 non
1550 2875 1818 2947 habeant,
1844 2895 2005 2935 cum>
2085 2916 2086 2920 =

255 2952 321 3011 &
368 2953 604 3033 pecunia
673 2954 734 3011 ὅτ
790 2954 992 3021 labore
1045 2957 1324 3026 emerint,
1390 2953 1631 3034 ideoque
1695 2955 1811 3015 fine
1875 2975 1978 3034 pe-

257 3035 419 3093 cunia
460 3035 520 3092 &
548 3033 670 3093 otio
705 3035 951 3096 vendere
979 3036 1201 3095 nolunt.
1283 3035 1441 3094 Sicut
1467 3035 1646 3115 igitur
1672 3033 1973 3116 pecuniam

258 3115 500 3192 acquirit
528 3114 817 3185 Arnoldus,
862 3116 1124 3175 docendo
1151 3115 1423 3175 studiosos
1463 3118 1587 3176 suos
1604 3131 1797 3174 *artem
1820 3132 1973 3192 prae-

252 3193 503 3264 dicandi,
568 3195 647 3257 ita
687 3196 817 3255 vult
873 3196 1067 3255 iisdem
1116 3195 1341 3265 resolvi,
1385 3212 1690 3273 antequam
1728 3192 1851 3252 aliis
1887 3193 1973 3251 di-

260 3272 553 3338 stribuant.
637 3275 801 3337 Olim
848 3276 1069 3340 dictum
1100 3279 1202 3351 est,
1265 3278 1462 3343 Omnia
1493 3274 1714 3341 venalia
1758 3276 1968 3417 wa‘ssi

1893 3375 1922 3414 C

2076 3307 2086 3640 ξ
