2086 3640
542 107 633 168 De
674 100 1019 180 Poffibilitate
1036 109 1039 133 ¹
1057 111 1159 160 non
1189 101 1462 178 gurmundi»>
1710 125 1825 186 ²07

98 220 208 283 esse
256 218 314 278 in
344 215 650 297 conspefiiu
685 210 814 272 Dei.
897 210 1100 268 Multa
1136 207 1246 268 alia
1267 209 1508 269 absurda
1536 207 1830 275 ostendere

7 319 9 322 ⁴
98 301 342 382 poffem,
385 300 447 358 &
469 298 731 380 peffimas
751 290 1189 371 consequentia3‚
1236 290 1665 371 manifestasque
1691 314 1831 354 con-

98 381 493 452 tradifflones,
539 398 670 459 quae
722 395 796 436 ex
846 370 1159 452 perniciosa
1203 370 1309 431 hac
1348 373 1611 432 doetrina
1640 378 1832 438 exori-

98 479 297 536 untur,
342 462 437 523 sed
463 463 576 522 hoc
596 478 708 540 pro
746 471 1008 534 tempore
1028 452 1292 526 sufficiat,
1337 475 1457 536 quo
1485 455 1661 516 etiam
1690 477 1831 537 pro-

102 545 266 606 batio
307 543 562 604 veritatis
598 537 877 601 doetrinae
908 535 1119 595 nostrae
1165 534 1514 615 implicatur.
1596 540 1730 612 Sed,
1754 543 1833 601 ad

102 626 436 686 uberiorem
471 624 591 703 ejus
623 617 995 687 evidentiam,
1040 636 1284 695 pergam
1315 618 1388 677 ad
1415 620 1722 700 seeundum
1765 621 1833 682 il-

102 706 207 766 lud
248 706 276 763 a
321 727 416 766 me
455 701 844 787 propositum,
887 696 1179 769 videlicet,
1221 697 1549 760 dostrinam
1574 702 1834 767 nostram

96 806 278 867 quarn
321 787 590 870 plurimis
637 783 952 864 Scripturae
986 779 1162 843 sacrae
1205 780 1539 842 testimoniis
1593 786 1838 864 probari

139 869 271 931 offe.

92 887 138 950 P
184 949 350 1011 VIII.
397 950 644 1020 PR1M0,
690 946 977 1028 probatur
1020 942 1272 1024 positivo
1300 944 1407 1004 illo
1445 947 1654 1006 Christi
1682 968 1834 1027 prae-

101 1047 295 1114 cept0‚
341 1050 448 1091 nec
485 1052 600 1091 non
644 1025 1091 1110 Apostolorum,
1134 1046 1315 1105 quum
1346 1027 1462 1086 hoc
1509 1028 1579 1087 fit
1606 1031 1839 1090 axioma

103 1114 446 1175 naturaliter
479 1112 741 1173 omniurn
770 1107 1002 1169 insitum
1033 1107 1325 1178 cordibus,
1372 1113 1628 1183 neminem
1669 1116 1837 1172 teneri

101 1195 183 1255 ad
214 1194 552 1275 impqfflbile:
612 1211 749 1255 nam
786 1192 925 1250 efim
969 1188 1226 1250 Christus
1282 1189 1345 1246 δε
1392 1190 1670 1270 Apostoli
1720 1191 1839 1270 ejus

103 1277 488 1358 praeceperint
514 1276 680 1336 nobis
709 1272 905 1332 omnia
938 1271 1208 1331 mandata
1231 1270 1526 1351 praestare,
1574 1275 1840 1353 possibile

101 1359 271 1418 nobis
289 1358 371 1418 est
411 1357 491 1417 ita
523 1356 730 1417 facere.
817 1353 1003 1437 Qod
1019 1370 1213 1414 autem
1239 1353 1348 1411 hoc
1378 1373 1738 1435 praeceptum
1769 1358 1841 1418 vfit

102 1439 315 1520 absque
366 1439 528 1499 omni
578 1436 1026 1507 commentario,
1073 1437 1166 1495 seu
1208 1436 1701 1515 interpretatione,
1748 1441 1838 1498 lu·-

102 1521 362 1582 culenter
398 1537 641 1601 apparet
692 1540 763 1580 ex
802 1519 886 1578 his
934 1519 1151 1578 disertis
1198 1517 1411 1588 verbiS,
1478 1538 1610 1596 quae
1654 1519 1841 1580 leAEkor

110 1603 383 1683 inspicere
428 1603 668 1683 poterit,
731 1601 953 1663 Matth.
996 1622 1053 1660 v.
1093 1604 1192 1672 48.
1257 1598 1352 1658 vii.
1400 1619 1496 1657 21.
1563 1600 1697 1678 Joh.
1721 1602 1842 1666 xiii.

112 1700 209 1760 17.
277 1707 300 1744 1
331 1687 470 1744 Cor.
500 1683 598 1742 vii.
651 1702 741 1761 19.
806 1701 838 1739 2
872 1683 1010 1743 Cor.
1042 1681 1162 1741 xiii.
1213 1702 1305 1740 1·1.
1359 1704 1382 1741 1
1437 1683 1533 1758 J0.
1565 1682 1620 1741 ii.
1669 1705 1726 1762 3,
1770 1707 1838 1759 4,

108 1764 273 1842 5‚'6.
318 1775 376 1830 81
417 1786 542 1845 cap.
582 1763 657 1823 iii.
687 1764 831 1822 vers.
878 1782 938 1834 2,
988 1785 1045 1842 3,
1092 1785 1154 1838 4,
1185 1780 1260 1839 5,
1312 1764 1369 1834 6,
1420 1781 1477 1840 7,
1528 1768 1586 1836 8,
1632 1786 1693 1843 9,
1747 1789 1840 1828 ιο.

105 1867 237 1926 quae
280 1847 410 1907 loca
458 1847 520 1905 &
576 1844 807 1926 praecise
851 1846 1220 1925 praecipiunt,
1264 1845 1326 1903 &
1362 1844 1624 1906 absolute
1654 1849 1843 1907 neces-

103 1927 316 1988 sarium
365 1928 682 1999 declarant,
727 1937 808 1996 ὅζ,
855 1926 1012 2007 quafi
1058 1926 1565 2006 expreffescripta
1613 1927 1844 1991 fuissent

104 2009 182 2069 ad
218 2008 568 2088 objestiones
624 2008 1078 2069 adversariorum
1125 2008 1562 2088 respondendam,
1635 2031 1843 2071 eorum

0 2132 1 2136 ,
105 2090 407 2150 stultitiam
455 2090 836 2160 manifestant,
881 2091 980 2171 qui
1022 2090 1131 2150 filii
1170 2091 1265 2150 vel
1308 2090 1478 2152 amici
1529 2091 1639 2153 Dei
1671 2113 1846 2173 repu-

104 2171 221 2232 tari
254 2171 489 2245 volunt,
535 2172 680 2231 dum
718 2170 886 2230 aliter
927 2188 1123 2252 agant.
1198 2232 1201 2234 ,

184 2254 509 2326 SECUNDO,
555 2253 832 2317 Poffibile
858 2253 960 2325 est,
1008 2253 1141 2333 quia
1163 2254 1273 2315 hoc
1303 2255 1418 2314 fine
1448 2254 1840 2334 Evangelium

106 2335 168 2395 ὅτ
198 2334 507 2415 Evangelii
551 2335 744 2416 legem
810 2336 1157 2416 recepimUS,
1222 2339 1285 2397 &
1323 2337 1528 2397 diserte
1593 2340 1846 2415 promit-
1923 2405 1926 2408 ¹

107 2417 253 2478 titur
289 2416 476 2489 nobiS‚
522 2416 684 2477 ficuti
723 2415 827 2476 sub
870 2418 1059 2498 gratia
1094 2418 1306 2491 sumus,
1353 2435 1420 2479 ut
1448 2440 1518 2478 ex
1558 2418 1671 2476 istis
1702 2419 1844 2479 loeis

106 2515 368 2578 apparet,
413 2499 590 2558 Rom.
645 2497 723 2557 vi.
777 2519 864 2573 14
941 2501 1224 2561 Peccatum
1271 2502 1420 2560 vohis
1462 2521 1562 2559 non
1605 2500 1844 2568 domina-

106 2581 276 2653 bitur,
321 2601 422 2641 non
465 2584 601 2640 enim
623 2578 866 2660 sublege
890 2582 1023 2657 estis,
1053 2583 1153 2661 sed
1174 2584 1276 2659 fhb
1298 2582 1488 2664 gratid
1510 2604 1529 2637 :
1572 2582 1630 2639 &
1662 2583 1842 2645 Rom.

111 2661 224 2739 viii,
262 2682 319 2738 3.
370 2683 496 2722 nam
531 2661 669 2742 quod
706 2661 1003 2738 impqffzbile
1041 2677 1161 2723 erat
1197 2664 1318 2744 legi,
1364 2666 1418 2721 in
1462 2683 1558 2744 quo
1599 2665 1842 2738 infirma-

111 2740 276 2803 batti?
311 2802 315 2804 Α
318 2758 423 2820 per
467 2764 701 2812 carnem,
746 2743 896 2802 Deus
916 2743 1099 2818 filium
1124 2746 1302 2823 suum,
1352 2745 1466 2805 &a
1529 2757 1590 2804 ut
1626 2748 1847 2827 justitia

114 2824 240 2905 legis
287 2823 594 2901 impleretur
629 2828 688 2884 in
715 2825 877 2894 nobis,
927 2825 1040 2886 &a
1125 2825 1182 2883 Si
1205 2825 1360 2884 enim
1404 2826 1526 2886 haec
1555 2848 1670 2888 non
1707 2830 1846 2890 effet

114 2904 370 2964 conditio
400 2905 665 2987 requisita
710 2903 773 2961 ὅτ
800 2905 1100 2966 necessaria
1136 2906 1198 2964 ὅτ
1226 2906 1503 2986 posfibilis
1531 2908 1632 2969 sub
1651 2909 1848 2969 Evan-

110 2986 297 3066 geli0‚
344 3001 482 3045 tunc
529 2986 673 3047 nihil
709 2984 846 3045 effet
881 2986 1216 3046 discriminis
1266 2987 1412 3047 inter
1454 2989 1846 3070 Evangelium

111 3068 178 3126 &
213 3067 427 3146 legem,
472 3087 602 3148 quae
649 3064 788 3126 nihil
831 3067 1151 3146 perfeetum
1195 3067 1461 3141 faciebat,
1509 3073 1645 3130 ciim
1677 3074 1846 3151 Apo-

118 3147 296 3208 stolus
332 3168 436 3229 per
460 3148 756 3229 integrum
789 3148 1011 3208 sextum
1053 3149 1200 3209 illud
1227 3150 1303 3210 ad
1344 3151 1523 3211 Rom.
1563 3157 1686 3232 c'ap.
1717 3154 1852 3234 pos-

121 3227 447 3290 fibilitatem
490 3230 656 3303 hane,
702 3227 821 3288 imb
857 3231 920 3290 δι’
945 3234 1330 3292 necesfitatem
1375 3232 1782 3314 redemptionis
1811 3235 1844 3293 a

120 3311 415 3392 peccando
458 3311 589 3379 inde
629 3312 878 3386 evincat,
943 3312 1075 3396 quia
1122 3313 1226 3378 sub
1269 3314 1590 3400 Evangelio
1626 3316 1690 3378 &
1732 3337 1849 3459 1393

1771 3418 1806 3458 u
