2086 3640
225 88 346 145 2η
447 69 1602 137 ‚THESISOCTAVA

220 178 432 242 necesse
487 178 592 249 est,
637 175 894 259 quotidie
919 176 980 234 δε
1018 193 1160 257 peri
1186 192 1452 254 ntegram
1477 174 1662 235 vitam
1705 191 1904 256 peccet
1925 201 1946 244 ς

226 260 402 340 igitur
446 257 488 316 si
537 260 724 318 malus
764 257 1092 338 aliquandO,
1156 258 1216 317 id
1254 258 1333 316 est
1386 256 1558 316 semel
1603 255 1948 319 veliterum

226 344 447 401 bonum
490 340 551 399 ὅῑ
592 341 812 418 justum
852 338 998 418 egit,
1038 360 1181 418 ergo
1215 338 1425 399 neceffe
1451 336 1553 408 est,
1597 337 1854 416 quotidie
1891 339 1954 397 ὅτ

227 420 331 502 per
373 421 659 501 integram
685 421 868 480 vitam
899 422 1119 480 bonum
1146 421 1207 478 δε
1251 418 1464 498 justum
1492 432 1652 498 agat,
1695 419 1855 498 quod
1884 418 1954 477 fi-

229 516 329 561 cut
365 502 444 561 est
475 501 726 562 maxime
763 501 1090 572 absurdum,
1138 502 1217 562 ita
1256 500 1316 559 &
1343 500 1660 577 Scripturae
1699 498 1956 559 testimo-

229 581 328 723 nido
384 583 555 663 plane
619 582 997 656 contrarium,
1058 583 1273 644 Ezech.
1328 579 1527 642 xxxiii.
1584 579 1617 638 ᾗ
1659 579 1824 641 versu
1864 599 1961 641 η.

234 686 268 724 a
358 668 448 724 18.
1530 702 1533 704 -

218 770 221 774 ·
313 744 618 821 DENIQJE
661 747 924 830 objiciunt,
973 746 1021 804 fi*
1050 746 1174 806 haec
1202 744 1232 804 a
1257 741 1556 826 peccando
1578 740 1812 802 libertas
1830 741 1962 822 pos-

233 824 407 886 fibilis
449 826 539 898 fit,
586 844 723 889 tunc
771 827 1147 890 mortificatio
1176 827 1396 906 peccati
1424 822 1639 886 inutilis
1668 822 1800 894 erit,
1829 822 1964 902 quia

232 906 459 966 nullum
501 907 611 967 erit
665 926 968 988 peccatum
1007 907 1508 976 mortificandum,
1551 903 1694 964 ime>
1739 903 1965 983 sanguis

235 988 467 1059 Christi,
512 990 574 1048 δε
623 989 951 1070 quotidiana
992 1011 1102 1070 pro
1145 989 1466 1049 remiffione
1494 1002 1871 1068 peccatorum
1899 1004 1966 1043 o·

235 1069 407 1140 rati0,
451 1071 757 1149 nugatoria
797 1072 859 1129 &
902 1091 1018 1131 non
1060 1070 1360 1130 necessaria
1390 1068 1662 1128 redditur.
1735 1068 1969 1144 Respon-

233 1151 342 1221 deo,
389 1151 589 1222 Hanc,
656 1169 898 1234 propter
937 1152 1054 1231 ejus
1083 1151 1512 1218 absurditatem,
1576 1146 1696 1208 fere
1743 1146 1908 1210 omisi
1944 1172 1965 1214 3

236 1252 375 1292 num
419 1234 592 1311 poffit
651 1232 805 1291 enim
870 1232 1248 1293 mortificatio
1310 1231 1531 1311 peccati
1579 1228 1965 1304 inutilisefl'e,

236 1313 340 1373 ubi
377 1312 504 1372 finis
533 1312 649 1391 ejus
677 1313 994 1385 obtinetur,
1041 1317 1178 1373 cum
1218 1311 1497 1393 perfectio
1539 1311 1665 1372 haec
1709 1331 1825 1370 non
1874 1330 1968 1370 ac-

237 1394 499 1471 quiratur
542 1393 644 1453 nifi
680 1414 782 1473 per
833 1395 1342 1454 mortificationem
1372 1395 1394 1452 ?
1440 1414 1580 1454 num
1604 1392 1743 1452 fides
1771 1390 1974 1481 &spes

237 1473 534 1553 superandi
577 1475 848 1552 praelium
888 1478 1093 1553 parum
1143 1473 1510 1535 neceffarium
1559 1473 1818 1533 reddat?
1875 1494 1972 1552 Ju-

236 1553 429 1614 dicent
468 1555 616 1633 aequi
660 1551 1065 1632 &''sapiente8,
1110 1572 1307 1614 utrum
1352 1554 1561 1614 rationi
1607 1553 1792 1634 magis
1836 1573 1975 1613 con·

238 1635 562 1696 sentaneum
603 1635 672 1695 fit
704 1662 722 1702 ·‚
765 1635 882 1706 vel,
930 1651 994 1694 ut
1034 1635 1338 1696 adversarii
1377 1634 1559 1706 aiunt,
1603 1634 1974 1696 necessarium

238 1716 368 1786 effe,
413 1731 480 1775 ut
520 1736 863 1797 pugnemuS,
909 1716 971 1775 &
1007 1738 1300 1797 nunquam
1340 1716 1413 1775 de
1452 1715 1772 1796 superando
1809 1715 1976 1798 cogi·

241 1814 451 1866 temuS,
497 1796 738 1877 ideoque
781 1798 994 1859 neceffe
1038 1799 1170 1869 effe,
1235 1815 1302 1858 ut
1355 1797 1584 1876 semper
1628 1796 1875 1877 superati
1910 1797 1976 1857 δε

239 1877 516 1938 debellati
558 1877 773 1937 fimus:
838 1879 955 1948 vel,
1021 1895 1086 1938 ut
1133 1900 1236 1939 nos
1284 1878 1558 1950 dicimm,
1621 1897 1975 1958 pugnemuS,

243 1957 517 2037 quoniam
566 1959 881 2038 pugnando
918 1959 1091 2018 datur
1132 1962 1256 2040 spes
1283 1958 1627 2041 superandi;
1670 1975 1871 2020 utrum
1909 1959 1973 2032 ii,

239 2038 341 2118 qui
376 2038 429 2097 se
474 2039 737 2098 mundari
766 2039 940 2118 posse,
985 2041 1080 2099 vel
1125 2041 1224 2120 qui
1259 2042 1312 2100 se
1340 2061 1638 2119 nunquam
1666 2039 1825 2120 pofl‘e
1852 2060 1975 2100 cre-

241 2121 408 2190 dunt,
452 2119 782 2198 sanguinem
828 2118 1038 2178 Christi
1091 2121 1276 2201 magis
1336 2122 1630 2182 efficacem
1678 2121 1975 2183 reddunt?

243 2199 368 2281 quis
406 2199 592 2279 magis
634 2199 922 2259 medicum
949 2198 1173 2281 ejusque
1215 2201 1557 2263 medicinam
1586 2203 1978 2276 commendat,

245 2283 310 2350 is,
354 2280 453 2362 qui
501 2277 680 2339 credit
718 2281 771 2339 se
811 2279 918 2338 illo
955 2282 1134 2341 sanari
1171 2283 1353 2362 poffe,
1397 2283 1480 2355 δε,
1528 2283 1673 2344 ficut
1711 2283 1764 2342 se
1799 2283 1982 2345 sanio-

210 2436 215 2439 .
244 2382 370 2422 rem
398 2359 585 2430 sentit,
631 2359 843 2420 fatetur
875 2361 936 2418 &
964 2363 1239 2441 agnoscit,
1286 2364 1529 2444 ideoque
1567 2361 1761 2425 revera
1793 2365 1983 2427 dicere

246 2441 453 2523 potest,
500 2439 592 2500 hic
629 2441 843 2519 peritus
880 2442 962 2501 est
1000 2443 1270 2515 mediCUS,
1317 2446 1428 2505 hoc
1473 2441 1984 2508 bonum'medica-

248 2538 532 2592 mentum,
577 2540 709 2581 ecce
755 2523 976 2582 sanatus
1016 2524 1138 2584 sum
1177 2541 1281 2605 per
1328 2525 1547 2592 illum·,
1610 2526 1704 2586 vel
1753 2526 1818 2597 is,
1882 2529 1980 2608 qui

247 2623 543 2683 nunquam
589 2602 838 2673 sanatur,
883 2604 980 2684 qui
1014 2625 1309 2685 nunquam
1355 2607 1409 2665 se
1445 2607 1602 2686 posse
1638 2607 1819 2668 sanari
1860 2629 1984 2668 cre-

247 2685 355 2753 dit,
401 2683 540 2742 dum
581 2683 745 2742 vivit.
832 2683 1017 2766 Qod
1052 2686 1128 2744 ad
1169 2687 1490 2746 orationem
1518 2708 1628 2768 pro
1658 2689 1980 2750 remiffione

248 2763 492 2844 peccati,
540 2762 777 2822 minime
792 2784 1090 2843 negamus,
1121 2766 1395 2847 quoniam
1424 2789 1621 2829 omnes
1649 2788 1978 2849 peccavere,

249 2845 492 2924 ideoque
528 2852 674 2923 opus
703 2845 919 2904 habent
964 2848 1245 2919 oratione,
1304 2865 1372 2908 ut
1408 2867 1642 2928 peccata
1687 2851 1982 2932 praeterita

251 2926 638 2994 remittantur,
697 2925 758 2982 ὅτ.
802 2925 1055 3004 quotidie
1100 2927 1130 2986 a
1186 2930 1480 3008 peccando
1523 2931 1978 3010 praeserventur:

250 3007 313 3064 &
353 3005 392 3065 fi
430 3007 552 3086 spes
579 3005 672 3064 vel
719 3005 857 3064 fides
886 3006 1050 3085 hujus
1092 3010 1404 3069 redimendi
1443 3010 1473 3068 a
1530 3029 1768 3090 peccato
1805 3014 1981 3090 poffi·

253 3086 489 3145 bilitatis
517 3085 823 3163 impediret
851 3089 1176 3154 orationem
1221 3111 1331 3168 pro
1373 3091 1692 3151 remiflione
1731 3092 1975 3170 peccati,

251 3165 461 3224 eodem
491 3166 669 3226 modo
711 3165 1031 3239 inferretur,
1077 3173 1365 3230 neminem
1401 3172 1582 3230 vitare
1621 3171 1829 3230 debere
1871 3173 1976 3231 ho-

158 3283 160 3286 >
253 3246 570 3317 micidium,
615 3247 971 3330 pellicatum,
1015 3250 1109 3310 vel
1147 3266 1352 3312 caetera
1395 3271 1461 3311 ea
1511 3251 1792 3311 horrenda
1839 3271 1976 3330 pec-

1822 3347 1971 3401 cata,
