2086 3640
279 87 369 149 De
385 79 705 144 Salutation.
739 77 1074 140 Recreation.
1111 77 1264 158 idque
1282 93 1446 155 genus
1463 69 1601 139 arzi's.
1727 63 1848 147 461

119 193 386 255 thesauro
443 186 793 248 inventiones
837 184 960 245 istae
1007 182 1370 264 procedunt3
1440 180 1503 240 δε
1539 182 1726 243 adhuc
1749 183 1853 261 -fa-

114 274 282 335 cilius
330 272 638 352 probatur,
699 266 945 328 eundem
977 265 1198 324 malum
1240 262 1300 322 δε
1329 283 1445 322 non
1474 265 1696 323 bonum
1725 265 1852 322 effe.

118 358 292 431 Quot
338 350 561 412 inutilia
600 349 780 411 verba
813 345 1121 408 necessario
1159 344 1282 405 ludi
1339 343 1421 403 illi
1476 343 1848 424 producunt?

117 435 275 508 Imo,
316 432 457 515 quid
495 430 625 491 sunt
655 428 984 499 comoediae,
1029 425 1131 486 nifi
1172 423 1462 486 inutilium
1504 425 1566 484 &
1614 425 1856 484 menda·

117 516 276 576 cium
321 515 638 575 verborum
674 508 1093 590 complicatio?
1140 506 1547 587 Respondeant
1575 506 1718 566 mihi
1745 505 1852 564 ho-

118 597 321 669 mineS,
365 594 466 675 qui
502 593 719 652 animas
761 591 883 650 suas
925 588 1288 648 immortales
1328 588 1435 647 effe
1484 587 1744 659 credunt,
1789 586 1854 645 &

115 678 273 738 diem
320 677 602 744 futurum,
669 691 789 752 quo
830 686 1069 750 oportet
1122 690 1226 728 nos
1284 668 1715 748 uniuscujusque
1767 669 1855 728 in-

114 759 272 819 utilis
311 756 476 817 verbi
516 754 796 815 rationem
846 751 1116 811 reddere:
1194 751 1519 833 Qomodo
1567 751 1854 811 rationem

118 839 358 899 reddent
394 837 448 897 in
484 855 701 918 magno
749 834 853 895 illo
888 834 948 892 ὅτ.
992 831 1238 893 terribili
1286 832 1377 890 die
1426 832 1667 892 istorum
1724 853 1854 892 om·-

118 919 281 981 nium
322 918 611 979 inutilium
657 917 997 987 verborum,
1043 913 1248 994 quibus
1278 914 1583 973 necessario
1612 914 1855 974 uteban-

117 1017 216 1060 tur
246 1001 321 1060 ‘in
357 997 773 1067 saltationibuS,
819 996 989 1067 ludis,
1037 994 1495 1075 astragalizando
1526 996 1587 1054 δε
1629 1016 1855 1055 comoe-

117 1082 243 1143 dias
279 1079 573 1151 faciendO,
623 1078 760 1141 &c?
828 1079 1125 1138 Caeterum
1169 1075 1270 1154 qui
1328 1077 1417 1147 fit,
1490 1076 1648 1156 quod
1686 1078 1855 1136 Chri-

117 1159 285 1223 stiani
353 1163 477 1222 haec
526 1180 642 1219 non
684 1160 1086 1228 condemnent,
1159 1157 1254 1216 sed
1303 1160 1657 1238 approbent,
1731 1158 1856 1217 imo

116 1245 398 1324 plerique,
443 1241 751 1301 Christiani
786 1239 940 1310 dieti,
987 1256 1174 1300 totam
1222 1254 1457 1298 aetatem
1499 1240 1556 1298 in
1582 1239 1697 1298 istis
1718 1260 1857 1300 con·

115 1324 364 1396 sumant,
428 1322 686 1403 adeoque
726 1340 910 1383 artem
945 1323 1103 1381 suam
1145 1321 1207 1381 &
1244 1320 1582 1381 industriam
1619 1320 1854 1392 faciant,

118 1407 315 1487 quales
361 1406 488 1466 sunt
522 1404 761 1465 saltandi
803 1402 1082 1484 magistri,
1129 1401 1191 1461 δε
1241 1403 1663 1462 comoediarum
1696 1404 1858 1463 acto·

120 1507 251 1556 res;
295 1507 551 1568 quorum
594 1486 894 1547 infernales
937 1484 1392 1544 conversationes
1450 1484 1578 1544 satis
1612 1484 1861 1544 demon-

118 1569 319 1639 strant,
382 1566 473 1628 cui
508 1566 747 1627 domino
796 1565 1119 1636 inserviant,
1185 1566 1247 1625 δε
1285 1565 1376 1625 cui
1425 1566 1529 1625 fini
1577 1565 1677 1625 ista
1718 1586 1859 1626 con-

122 1650 382 1711 tribuant
405 1674 425 1716 3
469 1668 654 1729 neque
699 1647 898 1730 negari
957 1647 1166 1728 potest,
1234 1649 1374 1707 cum
1421 1646 1715 1708 manifesta
1753 1668 1860 1728 pa·

123 1746 242 1792 teat
282 1729 649 1812 experientia,
696 1729 855 1810 quod
893 1729 1128 1789 illarum
1167 1728 1382 1789 artium
1432 1729 1729 1809 Magistri,
1795 1730 1859 1790 &t

119 1812 222 1892 qui
263 1813 327 1873 iis
376 1811 629 1874 maxime
675 1809 1058 1885 delectantur,
1139 1808 1206 1886 (fi
1251 1831 1368 1870 non
1412 1811 1602 1891 aperti
1651 1811 1760 1872 fint
1798 1835 1863 1874 a·

122 1894 239 1953 thei
286 1895 347 1953 &
386 1891 707 1974 profligati)
783 1893 923 1954 tales
975 1887 1104 1952 sunt
1144 1891 1558 1973 utplurimum,
1617 1893 1719 1973 qui
1767 1913 1861 1954 re-

121 1975 406 2056 ligionem
463 1991 566 2035 aut
612 1974 937 2038 animarum
985 1991 1185 2034 curam
1231 1972 1538 2034 minimum
1568 1974 1732 2033 suum
1761 1995 1862 2034 ne·

119 2058 351 2137 gotium
399 2056 652 2118 faciunt:
699 2055 738 2116 fi
788 2072 984 2116 autern
1021 2055 1124 2117 ista
1153 2055 1184 2113 ‘a
1218 2054 1549 2115 Christianis
1578 2055 1861 2138 denegata

117 2138 318 2211 client,
383 2135 542 2220 quafi
598 2133 931 2218 profeflioni
998 2157 1205 2198 eorum
1282 2137 1685 2218 repugnantia,
1758 2140 1863 2208 illa

120 2220 317 2281 omnia
366 2235 821 2291 removerentur,
862 2219 927 2279 ὅτ
962 2219 1225 2280 homines
1274 2218 1408 2278 istos
1451 2220 1526 2279 ad
1572 2219 1709 2280 alias
1754 2221 1860 2280 ho·

123 2301 304 2363 nestas
347 2316 497 2361 artes
537 2317 872 2363 convertere
926 2300 981 2359 se
1010 2315 1328 2379 oporteret,
1375 2300 1417 2358 fi
1447 2301 1574 2360 haec
1601 2300 1863 2361 faciendo

123 2403 243 2443 non
289 2380 1184 2441 foverentur&sustentarentur.
1268 2380 1351 2440 Et
1373 2380 1516 2441 ficut
1545 2382 1657 2441 hoc
1679 2385 1871 2455 modo-

127 2483 408 2544 magnum
474 2460 781 2521 Christiani
834 2462 1082 2522 nominis
1139 2461 1469 2521 scandalum
1530 2463 1592 2522 δε
1649 2464 1866 2530 offensa

128 2559 520 2613 amoveretur,
565 2542 645 2602 ita
692 2544 867 2603 etiam
923 2564 1034 2623 pro
1082 2557 1250 2622 parte
1296 2542 1488 2623 aliqua
1538 2564 1864 2607 removere-

129 2644 229 2688 tur
268 2626 435 2696 illud,
479 2644 599 2704 quo
642 2640 1002 2706 provocatur
1050 2623 1337 2686 Dominus
1410 2625 1867 2690 benedictionem

128 2710 290 2771 suam.
334 2705 683 2778 abstrahere,
744 2705 808 2765 &
849 2726 1096 2785 quarum
1140 2725 1334 2765 rerum
1395 2705 1692 2768 occasione
1735 2709 1867 2789 plu-

132 2790 420 2850 rimorum
468 2786 676 2848 animae
731 2786 788 2848 in
830 2787 1079 2848 tenebris
1119 2803 1435 2859 remanent,
1480 2790 1543 2852 δε
1587 2788 1644 2848 in
1685 2789 1877 2850 sensu*

132 2871 352 2941 alitate‚
423 2867 661 2928 libidine
707 2868 768 2927 &
829 2867 1224 2948 voluptatibus
1272 2867 1573 2933 mundanis
1617 2869 1869 2931 immerfi

134 2951 285 3022 sunt,
359 2949 472 3009 fine
513 2948 638 3009 ullo
685 2949 776 3009 vel
826 2948 1068 3009 Domini
1116 2947 1340 3009 timoris
1386 2950 1479 3009 vel
1523 2951 1711 3014 salutis
1754 2953 1870 3026 suae

135 3033 310 3094 sensu.
395 3031 488 3092 Ex
519 3029 802 3110 patribu3‚
863 3029 937 3088 fic
960 3029 1145 3103 dietis,
1204 3031 1643 3111 quamplurimi,
1706 3024 1869 3093 sicuti

136 3115 234 3175 alii
300 3111 409 3172 viri
456 3133 661 3193 graves
707 3111 768 3170 δε
825 3110 1097 3191 religiosi,
1164 3112 1421 3171 multum
1454 3134 1519 3174 ea
1567 3113 1869 3185 fleverunt,

135 3195 204 3263 δε
245 3192 560 3276 abjicienda
602 3193 712 3271 effe
752 3190 1166 3274 significarunt,
1231 3213 1484 3278 quorum
1541 3192 1742 3257 multae
1793 3195 1873 3253 ci·
1906 3218 1909 3220 ·

1627 3290 1873 3346 tationes
