2086 3640
259 102 383 182 '472
469 98 750 167 THES
779 107 878 169 Is
915 108 977 169 D
1007 108 1392 169 E-CJMA
1425 107 1872 188 QUINTA.

262 214 581 286 occasione,
627 215 681 274 in
725 216 894 276 rebus
941 217 1138 296 magni
1188 216 1470 276 momenti
1506 215 1774 288 diximuS,
1820 217 1985 307 loqui-

264 315 389 354 mur
433 300 716 356 veritatem
756 301 811 355 in
859 300 1043 356 timore
1083 298 1151 359 δεῖ
1202 316 1376 356 coram
1404 298 1554 374 facie
1598 298 1726 368 Dei,
1770 304 1872 377 qui'
1897 321 1988 360 no-

263 374 342 435 bis
360 377 498 451 testis
510 378 600 452 ψ,
619 377 686 437 {9³
707 378 976 454 scrutator
995 382 1219 438 omnium
1239 378 1488 448 cordium,
1521 376 1787 438 adhibitis
1801 376 1989 457 hujus-

264 457 424 517 modi
466 455 612 514 seriis
650 457 1167 529 contestationibus,
1214 479 1350 538 quas
1391 478 1678 537 nunquam
1727 457 1783 517 in
1821 461 1988 519 rebus

263 536 592 614 ponderosis
634 537 1032 611 recusavimus,
1076 556 1213 598 tunc
1262 538 1483 618 insuper
1519 538 1549 595 a
1591 538 1756 599 nobis
1792 539 1986 638 postu-

263 616 450 681 latum
487 617 567 675 est
596 615 1011 695 juramentum,
1079 641 1209 680 cum
1247 618 1464 700 adjecta
1508 619 1827 679 ceremonia
1879 619 1987 679 im-

265 696 564 777 positionis
620 699 824 757 manus
884 699 1047 780 super
1086 701 1320 770 librum,
1384 720 1514 759 cum
1580 699 1776 759 osculo
1826 699 1985 771 libri,

263 777 357 836 vel
408 778 727 837 elevatione
763 783 962 840 manus
994 798 1092 842 aut
1119 782 1457 861 digitorum,
1504 779 1692 841 addita
1721 801 1987 841 commu-

264 857 324 918 ni
370 859 720 938 imprecandi
752 859 1021 931 formula,
1072 864 1162 921 Ita
1209 885 1288 922 me
1325 863 1474 921 Deus
1509 864 1689 944 juvet,
1732 863 1826 922 vel
1856 862 1988 922 Tam

263 940 394 998 vera?
425 943 586 1021 juvet
624 963 704 1000 me
750 941 895 1001 Deus
935 947 1260 1021 omnipotens.
1348 941 1627 1012 Secundo,
1686 942 1828 1002 Hoc
1856 944 1987 1002 'fen-

265 1020 458 1081 tentiae
488 1021 935 1083 adversariorum
981 1024 1318 1084 contradicit
1343 1049 1360 1089 ·,
1405 1024 1537 1102 quia
1567 1021 1779 1083 Paulus
1807 1044 1988 1103 neque

265 1120 463 1160 coram
504 1102 839 1181 magistratu
881 1103 1009 1176 fuit,
1077 1106 1174 1184 qui
1215 1107 1288 1164 ab
1337 1125 1406 1163 eo
1438 1103 1836 1182 juramentum
1881 1125 1988 1200 po-

262 1180 547 1250 stulavit3
607 1204 787 1264 neque
843 1184 954 1264 ipse
1015 1185 1380 1265 magistratus
1425 1184 1684 1246 officium
1746 1184 1988 1247 admlni-

263 1261 486 1333 stravit,
557 1285 674 1343 quo
737 1264 905 1324 alicui
963 1266 1357 1344 juramentum
1422 1265 1646 1325 detulit.
1731 1265 1941 1326 Tertio
1965 1310 1984 1338 ‚

267 1345 532 1482 {aestio
582 1367 697 1404 non
750 1348 852 1417 est,
925 1346 1062 1426 quid
1110 1346 1305 1406 fecerit
1361 1347 1571 1409 Paulus
1621 1345 1716 1405 vel
1761 1347 1984 1418 PetruS,

262 1422 314 1480 se
390 1424 529 1504 quid
577 1426 839 1485 docuerit
873 1447 1076 1486 eorum
1114 1426 1174 1484 &
1222 1427 1409 1485 noster
1455 1426 1789 1494 Dominus3
1853 1428 1915 1486 &
1944 1427 1987 1486 fi

261 1504 475 1564 Paulus
506 1505 743 1584 jurasset
769 1508 950 1585 (quod
979 1528 1093 1565 non
1135 1507 1443 1583 credimus)
1471 1507 1748 1587 peccfiffet
1784 1524 1986 1569 contra

259 1602 618 1666 praeceptum
665 1587 872 1646 Christi
907 1612 923 1655 3
990 1587 1110 1646 imo
1150 1587 1452 1647 secundum
1491 1587 1746 1667 ipsorum
1774 1588 1988 1650 senten-

259 1665 421 1738 tiam,
467 1667 600 1747 quia
637 1665 877 1746 juravit,
909 1689 1024 1729 non
1053 1688 1250 1728 coram
1272 1668 1628 1749 magistratu,
1671 1667 1764 1730 sed
1789 1668 1846 1728 in
1868 1671 1990 1750 epi-

257 1746 418 1806 stolis
454 1749 526 1807 ad
566 1748 784 1809 fratres,

340 1830 534 1890 ΝοΝο
581 1831 849 1910 Objiciunt
874 1853 893 1887 .·
956 1830 1161 1910 Jesaias
1202 1852 1326 1913 cap.
1358 1833 1476 1893 lxv.
1515 1832 1604 1894 16.
1650 1831 1886 1912 loquens
1913 1833 1986 1892 de

256 1911 616 1989 temporibus
639 1911 1025 1990 EvangeliciS,
1070 1912 1171 1985 ait,
1220 1913 1341 1997 Qi
1374 1913 1698 1974 benediftus
1718 1913 1797 1971 est
1817 1913 1984 1993 super

256 2007 494 2061 terram,
540 1993 904 2052 benedicetur
953 1993 1008 2051 in
1053 1994 1183 2053 Deo
1226 1997 1467 2061 Amen;
1513 1994 1575 2054 δε
1606 1993 1703 2075 qui
1735 1991 1896 2072 jurat
1923 1995 1981 2054 in

255 2072 429 2143 terra,
466 2071 689 2150 jurabit
729 2073 784 2133 in
834 2073 962 2131 Deo
1003 2075 1235 2133 Arnen:
1302 2091 1456 2146 tunc,
1504 2074 1732 2154 quando
1775 2074 1984 2134 oblivi-

255 2152 353 2211 oni
398 2153 624 2212 traditae
653 2153 780 2212 sunt
807 2153 1082 2233 angustiae
1119 2155 1342 2234 priores
1376 2180 1393 2222 3
1458 2155 1517 2214 &
1542 2172 1700 2226 tune,
1747 2155 1981 2233 quando

254 2233 471 2293 creabit
514 2233 670 2292 Deus
699 2235 879 2294 coelos
924 2254 1108 2294 novos
1158 2235 1220 2293 &
1256 2252 1467 2296 terram
1509 2256 1761 2299 novam:
1813 2235 1984 2317 Ergo·

252 2315 336 2374 his
371 2314 726 2394 temporibus
757 2314 950 2393 jurare
971 2315 1241 2375 debemus
1261 2337 1363 2396 per
1391 2334 1606 2403 nomen
1633 2315 1760 2376 Dei.
1788 2331 1793 2338 '
1819 2318 1978 2397 Res.

251 2396 542 2478 Frequens
580 2395 664 2454 est
701 2396 1024 2477 ProphetiS,
1056 2413 1122 2456 ut
1151 2397 1403 2456 maxima
1420 2406 1758 2478 temporum
1787 2396 1981 2458 Evan-

249 2476 570 2555 gelicorum
615 2476 806 2536 officia
836 2477 1088 2537 terminis
1126 2478 1394 2538 Mosaicis
1421 2479 1786 2562 exprimant:
1817 2479 1977 2558 quod

247 2573 410 2649 patet
454 2557 598 2617 inter
638 2573 845 2617 caetera
893 2578 965 2617 ex
993 2560 1110 2636 Jer.
1153 2559 1308 2618 xxxi.
1342 2564 1440 2639 38,
1476 2571 1575 2639 39,
1602 2581 1698 2635 40.
1756 2559 1973 2620 Ez'ech.

246 2638 442 2698 xxxvi.
511 2657 605 2714 25.
657 2639 718 2701 &
770 2659 866 2712 40.
911 2639 972 2697 &
1009 2639 1153 2717 Jesa.
1195 2640 1314 2700 xlv.
1376 2661 1473 2719 23.
1539 2641 1607 2701 In
1647 2653 1829 2700 memet
1874 2643 1978 2721 ipjb

229 2721 447 2800 juravi,
510 2722 636 2799 quia
680 2721 810 2780 mihi
863 2722 1181 2782 curvabitur
1214 2741 1360 2782 omne
1418 2742 1577 2802 genu,
1646 2723 1717 2784 &²
1756 2724 1976 2804 jurabit
2054 2742 2065 2756 ’-

241 2804 406 2860 omnis
454 2799 650 2880 lingua.
737 2799 866 2862 Ubi
896 2801 1115 2879 justitia
1154 2823 1322 2862 novae
1363 2803 1834 2894 Hierosolyma&
1861 2823 1972 2883 pu·
2063 2821 2081 2862 ·..

243 2881 380 2940 ritas
420 2880 725 2960 Evangelii
785 2903 917 2943 cum
981 2882 1226 2960 ejusdem
1277 2882 1556 2967 spirituali
1612 2883 1969 2957 adoratione,

240 2961 303 3019 &
330 2961 602 3041 profeflio
644 2962 889 3021 nominis
933 2963 1142 3022 Christi
1182 2965 1584 3043 exprimuntur
1618 2965 1721 3025 sub
1748 2964 1972 3025 formu-

242 3041 310 3099 lis
354 3042 639 3121 ¹loquendi
667 3042 916 3122 antiquae
955 3043 1387 3125 Hierosolymae
1426 3043 1663 3116 ufitatiS,
1714 3046 1818 3106 sub
1865 3047 1969 3105 ab·

239 3119 463 3181 lutione
511 3121 712 3201 Legis,
776 3124 879 3183 sub
927 3123 1159 3184 nomine
1199 3126 1674 3197 ceremoniarum,
1735 3125 1962 3204 templi,

237 3200 621 3271 servitiorum,
666 3202 1095 3275 sacrificiorum,
1132 3204 1617 3284 juramentorum,
1664 3208 1777 3269 &a
1842 3205 1965 3265 imo

235 3278 403 3352 illud,
451 3283 609 3363 quod
649 3284 944 3365 Propheta
985 3286 1080 3346 hic
1120 3286 1200 3349 ait
1238 3287 1308 3348 de
1339 3286 1735 3368 jurejurando,
1775 3286 1958 3425 {Klio-

1826 3385 1863 3429 0
1892 3385 1958 3428 US
