2086 3640
409 112 500 174 De
538 113 817 190 Ministris
846 111 915 174 ξεῖ
946 94 1265 190 Ῥαβονὶὸιις
1296 111 1562 192 Ecclcgsiae:
1725 132 1844 195 277

125 216 217 277 sed
257 237 406 277 nunc
445 217 633 298 potest
670 218 781 278 hoc
820 217 1090 297 adagium
1131 218 1206 278 ad
1247 219 1640 298 Franequeram
1668 219 1847 278 trans-

33 307 35 309 ’
124 298 280 358 ferri.
363 300 514 358 Cum
555 299 734 378 igitur
781 298 1148 377 praedicaturi
1176 298 1284 360 sint
1305 297 1538 359 Arnoldi
1562 297 1843 380 discipuli,

125 380 256 439 tuto
296 379 619 439 mercedem
651 379 932 458 requirere
967 380 1197 458 poffunt
1223 383 1298 441 ab
1334 378 1710 449 auditoribUS,
1758 399 1845 439 re-

126 475 379 538 petentes
417 460 481 518 iis
522 459 781 538 magistri
807 459 1057 529 axioma,
1102 483 1192 520 nos
1203 464 1375 540 gratis
1396 481 1497 520 non
1537 463 1843 538 accepimus,

124 562 245 623 ergo
283 561 442 621 neque
479 544 653 621 gratis
708 537 838 599 dare
876 552 1126 600 tenemur.
1206 541 1321 600 Sed
1361 561 1548 602 nonne
1596 541 1845 622 possunt,

124 622 335 702 quaes0‚
380 618 666 681 auditores
701 620 765 680 iis
795 620 979 680 rursus
1003 620 1357 700 respondere,
1402 622 1667 682 novimus
1695 622 1844 692 inde,

123 723 232 762 nec
258 722 382 772 vos,
426 722 530 761 nec
571 700 909 782 magistrum
948 701 1201 759 vestrum
1239 699 1356 779 ejus
1388 702 1673 761 ministros
1709 703 1846 774 effe,

123 784 241 863 qui,
288 803 423 842 cum
463 781 764 862 discipulos
821 781 945 840 suos
986 781 1061 840 ad
1100 781 1534 861 praedicandum
1577 783 1845 853 emiserit,

121 864 200 922 eis
242 864 352 923 hoc
391 862 730 923 mandatum
769 862 945 934 dedit,
981 867 1154 943 gratis
1196 865 1473 943 accepistis,
1510 866 1685 943 gratis
1704 865 1849 936 date,

125 945 366 1025 ideoque
414 944 882 1024 praedicationem
918 944 1166 1004 vestram
1209 946 1497 1014 nolumuS,
1542 961 1847 1025 propterea

123 1027 283 1106 quod
323 1046 391 1085 ex
423 1025 486 1083 iis
524 1045 629 1083 vos
656 1026 763 1084 effe
784 1023 1061 1096 videmuS,
1107 1023 1205 1106 qui
1226 1024 1454 1084 lucrum
1490 1024 1654 1084 suum
1677 1026 1706 1083 a
1735 1043 1851 1085 ter-

125 1107 285 1167 mino
325 1108 424 1165 suo
465 1105 784 1184 expectant.

205 1188 441 1247 XXIX.
484 1187 804 1255 SECUNDO,
868 1185 1178 1266 Scripturae
1225 1185 1569 1256 testimonia,
1615 1186 1727 1248 hoc
1752 1208 1850 1246 ur-

121 1268 336 1349 gentia,
381 1266 628 1346 ejusdem
678 1284 900 1326 naturae
944 1267 1072 1327 sunt
1110 1287 1243 1326 cum
1275 1266 1361 1336 iis,
1425 1287 1557 1347 quae
1598 1266 1850 1328 liberali-

125 1365 305 1408 tatem
346 1348 407 1406 &
454 1347 890 1408 beneficentiam
952 1368 1092 1428 erga
1138 1367 1416 1428 pauperes
1465 1365 1694 1426 urgent,
1756 1351 1851 1410 sed

118 1429 236 1490 hoc
271 1428 346 1488 ad
385 1428 681 1509 specialem
723 1427 975 1508 aliquam
1023 1429 1355 1509 portionem
1395 1448 1510 1488 non
1568 1429 1648 1487 est
1696 1430 1850 1507 limi,-

123 1510 389 1580 tandum,
432 1511 566 1590 quia
585 1509 734 1570 faeta
754 1509 1018 1568 ultronea
1041 1511 1187 1581 sunt,
1232 1509 1333 1569 ubi
1354 1509 1675 1570 obedientia
1696 1519 1851 1590 prae-

128 1591 279 1670 cepti
319 1611 435 1650 non
475 1588 531 1649 in
574 1610 636 1649 re
671 1590 826 1661 data,
889 1590 982 1649 sed
1025 1592 1082 1649 in
1122 1590 1418 1649 voluntate
1458 1590 1641 1649 dantis
1667 1589 1848 1669 jacet,

128 1687 194 1730 ut
241 1671 486 1730 ostendit
524 1670 782 1729 Christus
827 1671 880 1729 in
917 1671 1107 1730 viduae
1153 1669 1480 1730 nummulo,
1565 1675 1853 1748 Quamvis

125 1773 189 1812 er
234 1773 272 1811 o
313 1750 616 1811 Christiani
657 1766 954 1810 teneantur
1002 1769 1236 1811 externa
1277 1750 1544 1810 ministris
1560 1752 1664 1811 suis
1687 1753 1848 1827 dare,

126 1775 284 1893 nuffia
323 1849 512 1892 tamen
535 1832 721 1912 potest
761 1832 1091 1912 quantitatis
1125 1831 1387 1890 definitio
1417 1833 1543 1901 effe,
1589 1829 1690 1892 nisi
1712 1855 1851 1914 pro-

126 1915 256 1995 prio
296 1912 678 1974 distribuentis
727 1913 1012 1983 consensu,
1057 1914 1213 1972 &ab
1241 1933 1358 1971 uno
1400 1913 1691 1974 modicum
1723 1936 1850 1976 ma:-

128 1995 239 2074 gis,
303 1994 480 2073 quam
537 1995 612 2053 ab
650 1992 834 2051 altero
877 1995 1150 2063 multum,
1197 2009 1494 2072 praecepto
1534 1994 1852 2056 satisfacere

127 2074 333 2156 potest.
417 2074 511 2133 Ut
550 2073 725 2154 igitur
766 2073 1121 2136 liberalitatis
1173 2074 1233 2131 &
1275 2074 1673 2152 hospitalitatis
1721 2080 1852 2138 acta

128 2176 230 2216 nec
274 2154 532 2234 limitari,
595 2175 698 2214 nec
739 2155 1048 2234 praescribi,
1110 2174 1215 2214 nec
1258 2155 1396 2235 cogi
1456 2157 1706 2236 poss'unt,
1770 2159 1854 2221 ita

129 2258 233 2298 nec
262 2238 402 2299 haee.
779 2263 784 2265 ·

230 2319 268 2376 S
291 2339 311 2376 1
357 2320 652 2399 objiciatur,
723 2314 1006 2376 ministros
1045 2317 1201 2397 posse
1249 2316 1310 2374 &
1347 2318 1556 2376 debere
1605 2320 1850 2392 hortari,

127 2397 379 2470 suadere,
422 2399 482 2457 &
525 2396 871 2458 Christianos
915 2419 1122 2476 urgere
1163 2398 1364 2474 (modo
1393 2399 1716 2458 deficientes
1762 2400 1855 2458 vi-

129 2479 327 2559 deant)
382 2479 456 2540 ad
496 2479 654 2538 astus
693 2478 1048 2539 liberalitatis
1085 2480 1145 2537 δε
1194 2479 1612 2558 hospitalitatis,
1672 2481 1737 2538 δε
1774 2481 1854 2541 fic

129 2562 304 2620 etiarn
351 2561 424 2620 ad
459 2558 918 2620 sustentationem
949 2559 1211 2619 ministris
1252 2559 1690 2621 concedendam.
1737 2565 1853 2621 Re-

117 2642 355 2719 spondeO.
414 2642 561 2702 Hoc
579 2640 719 2700 nihil
748 2640 821 2699 ad
860 2640 1169 2700 limitatam
1198 2639 1259 2696 &
1293 2639 1612 2699 coactivam
1640 2642 1852 2702 susten-

134 2722 412 2797 tationem
451 2721 652 2793 adfert,
696 2741 827 2801 quae
863 2720 1032 2781 nullis
1072 2719 1382 2798 Scriptura:
1412 2720 1744 2781 testimoniis
1764 2725 1852 2784 ni-

135 2803 276 2862 titur
308 2827 326 2868 ·‚
369 2802 552 2862 fateor
572 2801 828 2882 quidem,
875 2801 1031 2879 poss‘e
1068 2798 1351 2858 ministros
1372 2800 1428 2859 in
1457 2800 1561 2860 hac
1582 2822 1663 2872 re,
1709 2803 1856 2867 ficut

134 2884 193 2942 in
222 2881 355 2952 alia,
399 2881 584 2961 aliqua
629 2881 954 2941 hortatione
995 2881 1101 2951 uti,
1148 2878 1290 2939 ficut
1325 2881 1586 2941 hortatus
1624 2884 1705 2942 est
1734 2885 1856 2944 Co-

134 2964 373 3024 rinthios
414 2962 647 3032 Paulus,
692 2961 949 3020 officium
987 2980 1187 3019 eorum
1208 2960 1271 3019 iis
1309 2961 1719 3036 demonstranS‚
1762 2967 1858 3026 sed

135 3044 430 3124 expediret
474 3040 740 3102 ministris
789 3041 899 3101 hoc
939 3039 1291 3111 facientibus,
1352 3059 1417 3102 ut
1466 3043 1852 3106 testimonium

137 3127 301 3185 suum
343 3123 526 3203 magis
549 3123 787 3194 valeret,
851 3122 928 3181 ab
967 3120 1125 3181 omni
1159 3122 1414 3182 avaritiae
1459 3124 1765 3204 suspicione
1794 3128 1856 3184 δε

136 3205 216 3264 sui
260 3204 589 3285 quaefitione
629 3203 839 3264 liberos
877 3201 1005 3273 effe,
1051 3217 1116 3260 ut
1153 3221 1285 3262 cum
1308 3204 1604 3283 Apostolo
1632 3207 1690 3265 in
1718 3228 1857 3267 con*

139 3287 330 3367 spectu
379 3285 489 3347 Dei
527 3284 660 3344 vere
701 3282 888 3344 dicere
940 3283 1172 3421 Pofgffnt'
1245 3305 1269 3345 1
1321 3285 1456 3345 Cor.
1489 3284 1562 3346 ix.
1607 3306 1697 3365 15.
1743 3289 1858 3367 Ego

1118 3384 1150 3438 3
1684 3384 1858 3432 amem
