2086 3640
311 87 401 148 De
420 84 712 164 universali
740 85 810 147 fs?
836 83 1118 164 fhlutifhro
1139 82 1336 145 lumine
1375 85 1507 164 Jesu
1528 82 1744 162 Chrzsti.
1797 105 1868 164 15
1883 111 1907 151 ι

179 191 348 270 Ergo
393 191 675 251 timebant
712 186 988 248 Deum&
1011 188 1237 269 operati
1255 188 1383 250 sunt
1392 187 1690 267 justitiam.
1742 188 1915 251 Nun-

178 272 323 350 quid
363 270 707 332 luculentius
741 268 850 330 effe
898 271 1085 348 potest
1114 272 1136 330 ?
1183 292 1318 332 nam
1343 269 1406 342 fi,
1452 291 1583 350 quae
1614 269 1758 352 legis
1784 272 1917 332 sunt

173 351 384 425 facere,
429 372 546 412 non
583 350 654 411 fit
693 349 896 410 timere
937 350 1152 424 Deum,
1217 351 1279 412 δε
1329 352 1559 432 operari
1603 349 1914 430 justitiam,

173 433 312 515 quid
355 434 456 506 est,
503 455 591 505 ea,
636 451 771 511 quae
812 436 870 490 in
913 430 1042 512 lege
1088 435 1235 506 sunt,
1279 433 1507 495 facere?
1555 436 1692 495 cum
1738 436 1912 515 Apo—

173 515 351 576 stolus
399 516 590 594 legem
633 511 1008 593 spiritualem,
1060 513 1333 588 samitam,
1369 513 1586 595 justam
1614 515 1676 574 &
1696 515 1918 576 bonam

171 613 360 656 vocet.
429 595 523 655 sed
552 594 663 653 hoc
708 592 1005 654 manifeste
1054 613 1296 675 apparet
1347 616 1420 656 ex
1456 596 1575 656 alio
1606 595 1804 656 medio
1833 598 1917 657 ab

167 678 375 737 eodem
428 675 616 756 capite
676 674 933 755 sumpt0,
997 676 1140 735 vers.
1193 697 1285 754 13.
1342 679 1522 737 verba
1570 677 1697 737 haec
1736 677 1866 738 sunt
1895 699 1913 734 ε

169 759 421 819 FaHores
465 755 592 838 legis
643 758 1098 839 justificabuntur.
1185 757 1281 818 Ex
1329 755 1535 838 quibus
1607 757 1683 817 fic
1739 779 1916 842 argu-

168 854 423 910 mentor,
467 838 608 898 nihil
638 858 710 898 ex
739 839 879 898 meis
911 837 1174 898 addendo
1204 860 1219 897 ε
1264 841 1313 900 F
1316 841 1537 899 actores
1567 837 1711 920 legis
1743 838 1914 917 justi-

170 921 540 981 ficabuntur:
584 919 696 979 Sed
736 936 934 1000 gentes
972 940 1056 991 ea,
1104 940 1237 1000 quae
1275 919 1417 1000 legis
1460 920 1913 991 sunt‚'faciunt:

167 1001 337 1082 Ergo
370 999 858 1080 justificabuntur.
945 1001 1116 1063 Nihil
1138 1001 1391 1061 disertius
1421 1001 1689 1062 concludi
1715 1003 1915 1082 possit,

166 1085 307 1143 cum
359 1098 602 1163 utraque
663 1082 990 1164 propofitio
1034 1081 1154 1164 ipsa
1204 1082 1482 1163 Apostoli
1529 1084 1707 1142 verba
1758 1081 1869 1141 fint
1896 1104 1919 1139 τ

166 1165 229 1224 &
275 1163 430 1223 certe
470 1164 568 1224 ille
612 1184 717 1244 per
760 1179 954 1225 totum
1004 1179 1200 1245 caput,
1245 1163 1429 1223 veluti
1478 1183 1612 1222 cum
1655 1161 1917 1221 adversa-

166 1245 264 1304 riis
307 1245 513 1304 nostris
579 1245 914 1325 disceptanS,
983 1246 1129 1306 hanc
1183 1244 1509 1305 doctrinam
1561 1243 1922 1305 confirmare

168 1325 376 1396 studet,
423 1346 541 1386 ver.
588 1347 651 1406 9,
706 1347 801 1398 10,
855 1349 948 1388 11.
993 1327 1096 1398 ait,
1140 1326 1419 1387 tribulatio
1465 1327 1536 1389 δέ
1587 1326 1829 1407 angustia
1856 1328 1932 1383 m,

162 1429 364 1468 omnem
414 1410 650 1467 animam
691 1409 914 1469 hominis
948 1412 1213 1488 operantis
1255 1409 1480 1480 malum,
1543 1408 1740 1485 Judaei
1791 1409 1917 1485 pri-

166 1511 308 1549 mum
357 1488 427 1550 &
459 1491 640 1549 Grceci
659 1512 679 1548 :
725 1489 922 1550 Gloria
957 1504 1132 1551 autem
1162 1491 1232 1553 ὅ)
1273 1491 1458 1561 honor,
1504 1489 1574 1552 &2²
1614 1506 1733 1568 pax
1771 1490 1918 1548 omni

163 1574 405 1649 operanti
439 1571 651 1642 bonum,
715 1572 912 1649 Judoeo
942 1574 1183 1650 primicm
1226 1573 1296 1633 &²
1337 1573 1528 1634 Groeco
1549 1592 1568 1628 .·
1630 1590 1733 1632 non
1774 1573 1917 1630 enim.

164 1657 247 1711 est
300 1655 525 1729 acceptio
569 1654 917 1732 perfhnarum
966 1653 1113 1730 apud
1150 1653 1347 1715 Deum.
1437 1651 1669 1736 Qibus
1722 1650 1920 1713 verbis

164 1732 492 1813 Apostolus
539 1736 740 1813 aperte
802 1734 1115 1794 confirmat
1175 1733 1512 1794 sententiam
1571 1732 1754 1794 Petri*
1783 1748 1920 1793 ante

161 1813 404 1885 dictam,
468 1813 532 1872 δε
579 1812 846 1886 ostendit,
919 1815 981 1873 ὅτ
1023 1814 1297 1893 Judaeum
1346 1817 1407 1876 &
1446 1813 1746 1884 Graecum,
1794 1812 1830 1872 i.
1864 1834 1918 1873 e.

167 1896 271 1976 qui
305 1911 602 1954 externam
642 1894 831 1974 legem
872 1895 1110 1966 habent,
1155 1895 1219 1954 &
1245 1895 1490 1974 quinon
1529 1894 1765 1965 habent,
1807 1892 1918 1969 (fic

165 1976 320 2036 enim
350 1975 464 2056 ipse
502 1975 861 2055 sequentibus
888 1975 1145 2035 verfibus
1182 1977 1479 2056 explanat)
1521 1974 1754 2054 quando
1790 1996 1919 2038 ma·-

162 2057 295 2121 Jum
314 2071 648 2141 operantur,
696 2056 1143 2118 condemnatum
1186 2056 1273 2115 iri.
1356 2056 1450 2116 Sic
1470 2055 1647 2117 etiam
1676 2056 1919 2134 Judaeus

165 2137 229 2196 δε
267 2137 530 2207 Graecus‚
577 2137 693 2197 fine
713 2138 1048 2219 acceptione
1085 2137 1481 2218 personarum,
1528 2137 1641 2197 hoc
1677 2138 1778 2209 est,
1810 2138 1915 2218 qui

166 2236 463 2291 externam
500 2218 690 2298 legem
719 2218 956 2291 habent,
1002 2220 1064 2279 δε
1105 2219 1203 2300 qui
1231 2240 1348 2280 non
1387 2220 1622 2292 habent,
1675 2220 1915 2301 quando

168 2301 390 2362 bonum
427 2316 764 2381 operantur,
820 2300 1311 2382 justificabuntur.
1398 2300 1482 2361 Et
1524 2316 1590 2359 ut
1631 2320 1718 2360 res
1746 2317 1915 2362 extra.

166 2380 344 2443 dubiu
441 2382 529 2452 fit,
573 2381 930 2462 sequentibus
958 2382 1212 2443 verfibus
1241 2382 1521 2453 affirmat,
1564 2383 1704 2462 quod
1723 2385 1911 2462 fasto-

166 2484 250 2523 res
291 2463 316 2522 l
333 2467 415 2545 gis
438 2465 897 2545 justfficabuntur‚
964 2463 1026 2523 &
1062 2464 1305 2544 gentiles
1347 2464 1577 2543 aliquos
1621 2483 1709 2534 ea,
1775 2482 1911 2543 quae.

165 2543 310 2637 legis
350 2546 499 2616 sunt,
544 2544 731 2621 feciffe
773 2570 791 2612 ;
857 2544 987 2605 ideo
1038 2544 1141 2606 nifi
1193 2546 1500 2625 opinemur
1548 2543 1909 2624 Apostolum

165 2626 331 2686 ahter
385 2626 565 2718 quam
611 2625 837 2687 senserit
891 2627 1156 2686 locutum
1196 2627 1323 2696 effe,
1389 2623 1520 2686 tuto
1563 2624 1909 2686 concludere

165 2709 460 2786 poffumus
503 2706 638 2766 istos
675 2707 918 2788 gentiles
962 2705 1310 2786 justificatos
1358 2704 1537 2776 fuisse,
1600 2706 1664 2768 δε
1719 2707 1901 2786 parti·

168 2787 373 2866 cipaffe
419 2787 645 2868 gloriae,
690 2788 943 2859 honoriS,
987 2788 1050 2847 δε
1088 2787 1261 2866 paciS,
1307 2808 1439 2866 quae
1481 2787 1750 2848 omnibus
1795 2790 1903 2846 bo-

166 2889 309 2928 num
350 2869 722 2948 operantibus
755 2868 936 2938 adest,
995 2868 1170 2928 etiam
1213 2867 1435 2930 Graecis
1492 2868 1621 2947 lege
1661 2871 1907 2927 carenti-

168 2950 296 3020 buS,
359 2947 588 3028 quando
628 2949 846 3010 bonurn
890 2953 1245 3029 operantur:
1318 2951 1454 3009 curn
1487 2950 1665 3028 'apud
1707 2950 1900 3008 Deum

166 3050 284 3091 non
341 3029 411 3090 fit
450 3028 710 3111 acceptio
738 3031 1127 3111 personarum.
1212 3029 1303 3090 Sic
1351 3029 1632 3100 videi-ritis,
1678 3051 1781 3090 nec
1802 3052 1901 3090 exu

164 3127 392 3172 ternam
447 3112 592 3172 hanc
625 3109 916 3171 scientiam
979 3110 1094 3170 fine
1139 3109 1358 3171 interna
1399 3110 1730 3191 quempiam
1788 3111 1895 3171 ser-

163 3210 324 3263 vare,
389 3213 571 3273 neque
618 3189 906 3253 defectum
943 3190 1059 3270 ejus
1114 3192 1448 3273 quempiam
1493 3192 1896 3263 condemnare,

166 3274 269 3356 qui
310 3274 594 3337 internam
617 3273 831 3342 habet3
875 3274 1218 3417 multtisque,
1261 3274 1358 3355 qui
1387 3275 1615 3336 externa
1639 3293 1891 3344 caruere,

1142 3375 1185 3430 4
1667 3371 1907 3420 iuterna:
