2086 3640
222 95 305 151 40
494 78 971 138 THESIS
1038 50 1657 136 SECUNDA

228 187 359 267 ipfis
403 201 729 254 concurrat,
773 185 885 243 hoc
927 203 1043 241 non
1070 202 1272 242 eorum
1301 181 1480 241 fidem
1509 181 1571 239 δε
1597 178 1944 260 opinionem,

227 268 323 330 sed
364 265 730 326 solummodo
791 263 998 344 agendi
1037 265 1381 324 methodum
1431 277 1635 322 mutat.
1733 261 1824 322 Ita
1857 281 1945 335 ut,

229 370 364 409 meo
414 347 642 425 quidem
689 345 929 424 judicio,
975 344 1114 404 nihil
1161 343 1489 405 discriminis
1535 342 1762 402 videam
1803 340 1951 404 inter

226 430 469 487 illorum
498 428 643 499 affita,
704 427 800 505 qui
837 424 1172 488 Monasterii
1209 427 1262 488 se
1306 424 1519 505 Spiritu
1562 421 1657 503 agi
1710 423 1774 480 &
1819 422 1952 484 duci

229 510 520 576 dicebant,
565 508 624 565 δε
653 524 1026 578 coeterorum,
1070 506 1246 587 quise
1273 505 1596 578 traditione,
1641 504 1952 583 Scriptura,

231 589 293 646 &
339 587 488 647 reita
536 589 755 648 ratione
806 589 939 648 duci
987 588 1426 670 praedicabant3
1465 586 1597 644 nifi
1653 586 1812 664 quod
1873 585 1958 645 illi

231 669 543 739 temerarii,
589 669 1008 742 inconsiderati,
1067 673 1128 730 δε
1171 667 1326 728 stulti
1364 669 1419 726 in
1449 666 1691 726 consiliis
1734 666 1841 726 suis
1868 665 1955 725 fu-

231 770 346 820 ere,
395 750 635 830 ideoque
686 750 845 811 citius
883 753 958 811 ad
995 750 1238 810 nihilum
1287 747 1521 818 redaffl,
1586 747 1844 827 adeoque
1898 747 1957 806 in

233 846 634 911 contemptum
677 834 739 892 &
780 832 1120 892 derisionem
1158 829 1410 911 prolapsi
1447 827 1617 888 sunt:
1689 827 1747 887 hi
1792 847 1955 899 vere,

236 932 371 972 cum
418 913 601 991 magis
635 914 892 984 consulti,
938 915 999 972 &
1042 913 1099 972 in
1142 910 1515 992 generatione
1544 908 1639 968 sua
1666 909 1963 990 prudenti-

234 1014 362 1053 ores
405 993 632 1065 fuerint,
706 995 914 1064 diutius
953 995 1244 1062 steterunt,
1309 991 1547 1070 actaque
1593 989 1688 1050 sua
1744 989 1963 1068 majore
2058 1045 2061 1049 ,

236 1074 401 1153 legiS,
447 1075 508 1133 δε
545 1076 775 1136 rationis
831 1091 1114 1156 apparatu
1151 1073 1498 1134 colorarunt.
1583 1072 1736 1131 Cum
1784 1071 1964 1150 igitur
2054 1127 2056 1129 ,

235 1158 545 1215 amborum
592 1159 717 1216 acta
760 1179 924 1237 aeque
973 1157 1123 1216 mala
1168 1155 1416 1224 fuerunt,
1476 1151 1775 1213 discrimen
1821 1151 1965 1213 mihi

235 1237 422 1296 solum
464 1237 714 1308 videtur,
761 1238 918 1318 quasi
947 1238 1110 1307 illud,
1156 1237 1314 1317 quod
1363 1236 1443 1295 est
1483 1234 1634 1294 inter
1672 1233 1972 1314 privatum,

237 1318 302 1375 δε
358 1319 649 1378 incautum
705 1320 915 1391 furem,
989 1319 1086 1400 qui
1141 1318 1303 1378 facile
1359 1315 1825 1396 deprehenditur,
1897 1336 1966 1376 ac

238 1398 354 1457 fine
401 1400 562 1458 mora
601 1402 662 1459 &
699 1400 954 1480 molestia
984 1399 1357 1480 suspenditur,
1402 1393 1636 1457 &inter
1673 1396 1967 1457 latronum

238 1480 303 1537 &
335 1480 679 1559 praedonum
724 1481 1035 1562 legionem,
1071 1480 1215 1562 qui,
1261 1501 1395 1539 cum
1443 1477 1627 1558 magis
1657 1477 1808 1537 cauti
1836 1476 1967 1553 sint,
2056 1513 2063 1531 .

237 1560 376 1620 licet
422 1581 541 1619 non
575 1563 758 1622 minus
806 1562 1003 1642 iniqui,
1067 1563 1242 1622 etiam
1292 1560 1557 1622 dominos
1586 1560 1731 1630 suOS,
1777 1557 1970 1618 immi-

240 1642 422 1701 nentis
478 1643 715 1722 periculi
764 1643 1013 1703 evitandi
1063 1643 1246 1713 causa,
1318 1643 1393 1700 ad.
1449 1638 1712 1701 meliores
1768 1660 1970 1700 conce-

239 1722 451 1783 dendas
497 1724 851 1784 conditiones
907 1742 1142 1803 cogunt.
1229 1723 1407 1782 Unde
1452 1720 1818 1801 conspicuum
1863 1722 1968 1793 est,

240 1805 403 1883 quod
458 1806 609 1867 male
662 1805 978 1865 admodum
1027 1820 1525 1886 argumentantur,
1586 1802 1681 1884 qui
1737 1802 1971 1882 aliquod

243 1885 592 1965 principium
638 1888 975 1966 improbant
1018 1888 1080 1944 δε
1125 1886 1404 1965 rejiciunt,
1447 1885 1580 1965 quia
1613 1884 1789 1964 aliqui
1817 1884 1974 1943 affir-

242 1983 464 2026 mantes
492 1969 544 2027 se
593 1989 662 2027 eo
709 1967 860 2037 duci,
909 1969 1127 2028 malum
1175 1983 1531 2047 perpetrant,
1576 1964 1680 2024 nisi
1730 1963 1802 2024 fit
1859 1962 1974 2044 ejus

243 2046 512 2136 principii
540 2049 810 2110 naturalis
845 2051 905 2109 δε
953 2049 1198 2128 genuina
1227 2047 1618 2127 consequentia
1649 2045 1722 2105 ad
1752 2047 1974 2106 malum

243 2127 390 2187 111ud
433 2130 751 2198 inclinare3
823 2151 996 2194 nemo
1043 2146 1234 2190 autem
1291 2127 1645 2199 affirmabit,.
1696 2128 1976 2208 Spiritum

247 2209 357 2287 Dei
393 2211 467 2268 ad
512 2211 698 2270 ullum
730 2213 952 2271 malum
1000 2211 1331 2292 quempiam
1359 2211 1566 2273 ducere
1597 2231 1611 2267 :
1663 2208 1724 2268 &
1752 2209 1974 2283 deinde,

244 2310 316 2348 ex
364 2290 530 2371 supra
560 2292 720 2350 diCtis
750 2293 1033 2371 sequetur,
1094 2292 1272 2372 quod,
1334 2291 1381 2348 -fi
1412 2292 1522 2350 Dei
1548 2289 1786 2370 Spiritus
1816 2289 1978 2369 hujus

248 2370 406 2430 causa
439 2372 814 2453 negligendus
845 2373 935 2444 fit,
999 2374 1247 2454 ejusdem
1276 2374 1438 2439 causa
1485 2371 1593 2434 alia
1621 2372 1814 2433 omnia
1850 2371 1978 2451 reji-

245 2451 442 2511 cienda
468 2453 612 2513 sunt.
1704 2478 1713 2486 ’

327 2535 558 2593 SICUTI
605 2555 717 2614 ego
747 2538 940 2614 magni
984 2535 1133 2595 facio
1167 2539 1400 2596 beatum
1429 2534 1739 2616 Scripturae
1756 2535 1978 2595 San&ae
2064 2584 2065 2587 η

249 2614 657 2686 testimonium,
731 2638 834 2677 nec
884 2617 1046 2697 parvi
1103 2617 1248 2677 facio
1292 2617 1532 2676 solidam
1580 2615 1973 2688 traditionem,

249 2714 382 2772 quae
445 2696 754 2757 secundum
808 2698 1110 2757 veritatem
1154 2699 1290 2764 est3
1362 2718 1543 2777 neque
1613 2697 1737 2755 ullo
1797 2697 1980 2756 modo

250 2777 453 2854 sperno
499 2778 802 2849 rationem,
847 2779 1101 2839 nobilem
1131 2780 1290 2838 illam
1312 2779 1374 2837 δε
1408 2777 1779 2839 excellentem
1806 2778 1980 2838 animi

251 2856 607 2929 facultatem,
653 2860 784 2938 quia
849 2861 1016 2940 pravi
1060 2861 1314 2920 homines
1361 2859 1558 2920 iisdem
1613 2858 1772 2920 abusi
1827 2859 1975 2931 sunt,

252 2952 319 2996 ut
366 2937 725 3018 impietatem
773 2939 929 3000 suam
980 2942 1326 3013 colorarent,
1397 2942 1457 2999 δε
1502 2940 1780 3022 simplices
1827 2939 1978 2999 deci-
2015 2966 2018 2968 “

251 3024 455 3095 perent
489 3046 505 3087 3
551 3020 629 3080 ita
683 3021 857 3080 velim
902 3023 1127 3083 nullum
1170 3023 1430 3083 diffidere
1473 3022 1567 3081 vel
1606 3020 1832 3100 rejicere
1859 3040 1979 3079 cer-

252 3113 381 3158 tum
407 3099 573 3161 illum
606 3103 667 3160 &
714 3102 1073 3163 infallibilem
1101 3105 1399 3184 Spiritum,
1445 3125 1618 3185 quem
1645 3101 1803 3161 dedit
1825 3102 1980 3161 Deus

255 3177 387 3239 filiis
436 3181 565 3254 suiS,
629 3199 901 3264 tanquam
952 3185 1343 3247 firmiflimum
1380 3186 1438 3248 in
1492 3199 1723 3248 omnem
1771 3182 1982 3242 verita-

1853 3279 1975 3325 tem
