2086 3640
388 52 480 113 De
518 47 734 110 interna·
773 48 844 110 &
885 44 1195 107 immediata*
1234 44 1573 106 revelatione.
1765 61 1800 105 2
1809 64 1846 126 3

115 157 403 240 primitur.
488 154 639 218 Hoc
678 157 855 216 etiam
899 170 1143 235 apparet
1189 154 1451 235 pluribus
1492 153 1613 212 aliis
1652 152 1847 233 Scrip-

0 303 1 317 ¹
116 257 265 300 turae
311 238 470 309 locis,
534 236 632 318 qui
676 235 871 317 postea
914 252 1241 307 occurrent,
1305 256 1409 295 nec
1448 233 1639 305 vide0,
1699 252 1847 312 quo-

59 352 62 355 ·
115 320 320 391 mode,
366 320 468 400 qui
509 317 867 378 contrarium
910 317 1223 389 affirmant,
1284 316 1699 395 blasphemiam
1727 314 1849 374 evi-

38 438 41 441 ·
112 418 236 463 tare
272 402 528 483 poffint:
571 419 710 459 nam
759 398 801 458 fi
844 398 1183 469 Paracletus,
1230 399 1299 459 Es?
1348 399 1576 476 Spiritus
1622 399 1851 458 Sanctus

111 482 264 542 idem
300 482 380 541 est
420 501 490 541 ac
538 482 835 559 Scriptura,
881 494 1018 538 tunc
1045 478 1390 558 sequeretur,
1463 477 1627 558 quod
1666 476 1847 556 Scrip-

105 577 237 624 tura
262 564 398 624 effet
421 563 589 633 Deus,
636 582 772 621 cum
791 580 999 619 verum
1021 558 1110 630 fit,
1149 562 1404 637 Spiritum
1435 560 1689 620 Sanetum
1735 558 1847 627 effe

106 646 299 705 Deum.
331 695 334 699 ,
386 643 528 703 Tali
556 642 995 703 ratiocinatione
1038 640 1313 720 ubicunq,
1360 642 1698 701 nominatur
1725 639 1846 721 Spi-

104 729 258 795 ritus,
307 723 388 787 ibi
430 724 666 804 proprie
711 722 826 782 dici
863 723 1081 802 poterit
1121 723 1400 800 Scriptura
1427 743 1451 780 .-
1490 743 1637 801 quo,
1674 722 1845 802 quale

102 805 432 866 irrationale
470 805 799 866 monstrum
841 802 1162 863 Christiana
1202 802 1437 883 Religio
1483 805 1668 875 fieret,
1712 806 1845 863 om'-

42 904 47 911 ·
104 886 272 946 nibus
314 887 557 967 patebit.
641 885 915 966 Exempli
957 883 1165 964 gratia,
1228 884 1331 944 ubi
1372 883 1604 956 dicitur,
1670 888 1843 947 mani-

83 969 303 1047 festatio
342 971 570 1047 Spiritus
611 970 843 1047 unicuiq·‚
907 967 1070 1027 datur
1118 965 1194 1027 ad
1231 965 1534 1035 utilitatem,
1578 966 1692 1026 dici
1730 988 1845 1047 po-

105 1052 259 1120 terit,
306 1048 687 1109 manifestatio
718 1051 1008 1128 Scriptura·
1048 1047 1352 1128 unicuique
1379 1047 1549 1107 datur
1578 1048 1650 1106 ad
1687 1048 1844 1108 utili-

102 1144 328 1190 tatem:
373 1131 554 1209 quam
596 1130 846 1190 notanda
894 1129 1295 1209 interpretatio
1324 1129 1451 1189 haec
1478 1127 1649 1210 foret,
1700 1126 1843 1207 ejus—

99 1211 235 1270 dem
274 1212 476 1291 capitis
530 1211 752 1292 sequela
803 1211 1249 1282 confideremuS,
1292 1210 1435 1270 vers.
1481 1230 1540 1290 9,
1596 1230 1689 1281 10,
1744 1233 1839 1273 11.

96 1292 200 1352 alii
226 1297 414 1376 gratia
439 1297 738 1373 sanitatum
767 1296 821 1353 in
850 1315 950 1354 uno
990 1295 1213 1372 Spiritu,
1261 1292 1360 1352 alii
1394 1295 1625 1371 operatio
1662 1294 1844 1352 virtu-

96 1387 230 1445 tum,
274 1374 388 1434 διε.
472 1376 631 1435 Haec
659 1390 851 1435 autem
881 1378 1057 1436 omnia
1075 1389 1326 1454 operatur
1364 1395 1499 1434 unus
1527 1388 1682 1455 atque
1707 1374 1844 1435 idem

93 1457 344 1532 Spiritus,
417 1456 656 1517 dividens
714 1456 960 1538 fingulis,
1023 1470 1190 1535 prout
1242 1456 1384 1516 vult.
1469 1455 1634 1538 Qud
1689 1476 1843 1519 nunc

95 1538 296 1616 magni
366 1537 450 1597 illi
508 1537 793 1598 Sociniani
861 1538 1123 1618 magistri
1164 1538 1574 1606 existimarent,
1641 1537 1683 1596 s1
1742 1538 1841 1604 hic

95 1619 432 1697 Scripturam
459 1638 569 1698 pro
597 1621 802 1697 Spiritu
822 1640 1168 1700 poneremus
1199 1621 1220 1678 ?
1278 1620 1447 1679 Num
1474 1618 1718 1678 illorum
1749 1640 1839 1679 ra-

95 1699 262 1771 tioni,
327 1720 507 1779 quam
543 1699 862 1761 maximam
914 1699 1047 1759 fidei
1111 1700 1374 1779 regulam
1422 1701 1485 1758 &
1533 1700 1838 1761 duetorem

94 1797 325 1859 putant,
372 1781 788 1861 responderet?
863 1782 1032 1843 Num
1083 1784 1240 1841 bona
1280 1783 1342 1839 ὅτ
1390 1781 1520 1841 sana
1563 1782 1711 1841 ratio
1741 1804 1838 1842 eo-

94 1881 228 1923 rum
270 1863 475 1944 logicis
515 1861 725 1920 scholis
766 1862 1073 1943 apparebit
1111 1862 1424 1932 affirmare,
1469 1861 1630 1942 quod
1655 1864 1837 1943 Scrip-

88 1957 222 2003 tura
269 1943 488 2003 dividat
537 1941 768 2022 fingulis
796 1958 979 2023 prout
998 1943 1148 2015 vult,
1195 1943 1295 2004 dat
1315 1943 1659 2023 quibusdam
1702 1967 1838 2026 gra-

51 2088 54 2091 ,
92 2023 239 2084 tiam
267 2024 512 2094 sanandi,
560 2024 963 2104 operationem
1002 2023 1310 2095 virtutum,
1359 2025 1476 2084 five
1525 2025 1837 2086 miraculo-

92 2126 244 2167 rum.
325 2107 386 2166 Si
413 2105 594 2185 igitur
636 2105 730 2186 hic
768 2104 1029 2186 SpirituS,
1085 2105 1243 2187 cujus
1286 2106 1669 2167 manifestatio
1713 2110 1837 2174 uni-

89 2187 297 2270 cuique
344 2189 518 2249 datur
546 2187 620 2247 ad
648 2186 980 2258 utilitatem,
1026 2187 1107 2247 nil
1139 2188 1307 2258 xaliud
1345 2188 1524 2267 quam
1566 2188 1680 2268 ipse
1706 2190 1836 2269 Spi-

92 2268 234 2329 ritus
259 2268 517 2331 veritatis
545 2269 839 2330 habendus
876 2267 966 2340 fit,
1010 2269 1109 2349 qui
1150 2269 1208 2329 in
1249 2290 1486 2329 omnem
1526 2270 1835 2333 veritatem

86 2349 294 2411 ducit:
359 2372 478 2411 non
525 2350 715 2431 potest
758 2350 850 2411 hic
899 2351 1126 2429 Spiritus
1167 2351 1275 2410 effe
1330 2353 1626 2430 Scriptura.
1713 2352 1835 2412 Ex-

89 2432 280 2493 trueta
310 2433 418 2494 hac
466 2432 737 2513 opinione
785 2431 1006 2511 poffem
1057 2433 1245 2492 multa
1284 2432 1452 2512 plura
1481 2432 1722 2493 absurda
1749 2434 1834 2493 in-

88 2511 283 2580 ferre;
327 2513 423 2573 sed
457 2514 571 2574 hoc
591 2511 850 2573 sufficiat.
902 2513 1065 2573 Nam
1091 2514 1214 2572 &ii
1250 2513 1354 2593 ipfi
1384 2514 1692 2594 aliquando
1718 2515 1833 2576 suae

85 2593 375 2672 opinionis
439 2596 536 2655 vel
606 2594 800 2665 obliti,
878 2595 972 2654 ve‘l
1015 2595 1311 2675 pudenteS,
1376 2595 1654 2675 Spiritum
1719 2595 1834 2668 Dei

87 2673 394 2737 duetorem
454 2676 783 2737 sanetorum
847 2674 877 2732 ὲ
951 2677 1247 2755 Scriptura
1297 2677 1438 2756 quid
1500 2676 1833 2738 distinetum

84 2751 359 2817 fatentur.
444 2757 728 2827 Secundo,
772 2757 909 2837 quod
930 2759 1158 2836 Spiritus
1185 2760 1270 2818 hic
1293 2761 1376 2838 stt
1410 2761 1663 2830 internus,
1697 2780 1836 2821 meo

88 2836 326 2914 quidem
367 2837 607 2917 judicio,
651 2858 756 2898 nec
798 2839 976 2921 longa
1006 2839 1495 2920 interpretatione,
1542 2862 1645 2901 nec
1667 2860 1833 2902 com-

88 2919 375 2978 mentario
402 2936 555 2999 eget.
639 2919 808 2998 Apud
839 2941 933 2981 vos
960 2921 1208 2992 manebit,
1272 2922 1345 2985 &³
1375 2926 1438 2986 'in
1481 2923 1632 2984 vobis
1673 2926 1776 2982 erit
1807 2946 1830 2991 ·,

89 2997 215 3060 haec
257 3000 603 3062 inhabitatio
650 3000 898 3081 Spiritus
946 3003 1005 3062 in
1032 3003 1269 3074 Sanffis„
1336 3020 1404 3066 ut
1451 3003 1552 3074 est,
1597 3003 1659 3062 &
1687 3023 1834 3084 cog-

86 3078 233 3152 nitu,
278 3081 342 3140 &z
397 3082 615 3142 creditu
644 3082 963 3155 neceffaria,
1011 3083 1087 3144 fic
1114 3085 1255 3145 nihil
1276 3085 1618 3164 lussulentius
1637 3087 1833 3145 Sacrae

88 3160 272 3222 literae
299 3162 611 3224 declarant.
695 3165 756 3224 Si
770 3177 944 3225 tamen
972 3167 1202 3244 Spiritus
1221 3168 1330 3228 Dei
1346 3169 1556 3229 habitat
1582 3171 1637 3227 in
1658 3167 1830 3239 vobis,

86 3241 172 3305 ait
198 3244 521 3329 Apostolus
558 3244 638 3309 ad
682 3247 861 3310 Rom.
890 3246 1109 3393 viiib9.
1152 3248 1216 3309 δε
1258 3250 1445 3316 rursus
1494 3271 1517 3312 1
1569 3251 1709 3312 Cor.
1752 3247 1829 3388 ii6i.

1079 3350 1120 3403 4
1738 3349 1763 3390 1
1815 3369 1833 3389 .
