2086 3640
271 74 388 153 368
477 72 960 133 'THESIS
1026 61 1872 146 D'UODECJMA.

274 183 522 244 minibus
560 180 874 253 confertur,
946 202 1089 260 quos
1127 181 1283 241 Deus
1320 182 1393 240 ad
1432 182 1578 244 illud
1605 191 1749 266 opus
1797 193 2000 271 suppe=

271 265 503 335 ditavit,
548 263 790 342 ideoque
845 261 986 322 nihil
1027 263 1252 324 absurdi
1288 262 1561 342 sequitur,
1612 266 1745 328 licet
1792 271 1999 352 baptis-

272 365 400 405 mus
440 343 680 424 Spiritus
719 343 1096 423 exprimatur,
1142 343 1299 425 quafi
1344 345 1493 404 affixio
1523 347 1995 428 Apostolorum;

268 422 411 486 licet
449 425 599 484 enim
632 425 883 484 Christus
913 423 1001 494 fit,
1048 425 1148 505 qui
1187 425 1373 506 gratia
1413 416 1510 486 sua
1539 424 1638 487 dat
1665 428 1803 490 dona
1831 433 1997 512 spiri-⁴

271 506 468 576 tualia,
513 506 770 586 loquitur
808 522 1002 565 tamen
1038 506 1356 586 Apostolus
1396 507 1470 566 ad
1517 506 1695 569 Roma
1738 509 1775 570 i.
1814 515 2000 572 11.de

272 588 611 665 impertiendo
640 591 705 647 iis
746 587 881 646 dona
908 587 1248 665 spiritualia,
1294 587 1355 647 &
1392 589 1724 650 Corinthios
1773 609 1993 665 monet,

270 668 430 749 quod
465 690 544 730 eos
574 685 676 746 per
704 669 1062 749 Evangelium
1082 683 1379 750 genuerat?
1430 691 1452 729 1
1484 669 1623 729 Cor.
1651 669 1728 730 iv.
1761 690 1851 748 15.
1895 695 1997 755 ge-

270 770 470 809 nerare
520 766 713 810 autern
755 750 1012 809 homines
1053 750 1126 808 ad
1164 750 1340 810 fidem
1368 748 1451 809 est
1492 769 1637 831 opus
1684 752 1897 814 Christi
1937 755 2000 814 &

271 830 479 910 gratiae
509 830 624 908 ejus
652 856 670 898 ·‚
714 851 815 890 cor
844 846 1177 891 convertere
1218 831 1299 889 est
1320 830 1558 921 proprie
1586 831 1797 892 Christi
1826 853 1995 915 opuS,

165 948 177 958 κ
270 915 337 970 δε
368 929 560 971 tamen
589 911 698 971 hoc
726 911 1021 991 Scriptura
1048 931 1161 970 non
1186 912 1318 971 raro
1349 911 1698 984 horninibuS,
1744 915 1883 974 cum
1911 936 1998 974 m-
2075 967 2079 978 .

270 992 586 1052 strumenta
623 993 752 1064 fint,
799 991 1078 1052 attribuit.
1164 992 1245 1051 Et
1286 987 1421 1052 curn
1466 993 1634 1053 Pauli
1675 997 1998 1055 commistio

272 1075 465 1143 fuerit,
512 1090 577 1132 ut
615 1073 868 1133 homines
897 1076 939 1133 d
970 1074 1194 1134 tenebris
1235 1072 1310 1133 ad
1343 1074 1505 1133 lucem
1540 1086 1882 1147 converteret,
1927 1077 1997 1137 li·
2083 1067 2086 1116 7

269 1169 363 1214 cet
389 1155 531 1213 illud
569 1174 683 1214 non
713 1171 917 1234 agatur
959 1154 1058 1215 nifi
1091 1171 1435 1234 cooperante
1466 1154 1696 1215 Christo
1733 1175 1837 1236 per
1864 1177 1998 1237 gra·

269 1236 414 1296 tiam
453 1236 628 1306 suam,
676 1235 750 1294 fic
778 1236 952 1295 etiam
990 1236 1304 1315 baptismus
1331 1235 1575 1315 Spiritus
1614 1237 1862 1317 exprimi
1890 1258 1996 1317 poa

206 1316 208 1318 ’
270 1317 401 1387 test,
461 1316 617 1395 quasi
658 1337 764 1396 per
820 1316 1100 1385 homineS,
1160 1331 1225 1375 ut
1274 1316 1671 1388 instrumenta,
1717 1320 1992 1408 agendus,

271 1397 408 1456 licet
455 1417 602 1476 opus
655 1396 860 1477 gratiae
909 1397 1120 1455 Christi
1161 1396 1531 1458 necessarium
1593 1396 1818 1459 fit'ilhc
1857 1419 1995 1459 con⁸

270 1496 517 1547 currere,
564 1477 643 1536 ita
699 1493 766 1536 ut
801 1476 941 1535 nihil
982 1470 1210 1536 absurdi
1248 1476 1337 1546 fit,
1402 1476 1589 1536 dicere
1638 1479 2018 1558 Apostolum>

266 1557 673 1617 administraffe
738 1555 1084 1636 baptismum
1133 1557 1396 1635 Spiritus,
1502 1555 1764 1637 Denique
1807 1563 1996 1632 aiunt,

267 1639 429 1719 quod
459 1641 569 1699 hoc
615 1639 753 1698 loco
795 1638 949 1697 dicat
970 1636 1231 1698 Christus
1259 1637 1310 1696 se
1350 1637 1456 1696 effe
1496 1658 1612 1698 cum
1638 1638 1746 1698 suis
1771 1639 1849 1698 ad
1876 1663 1996 1702 con·

254 1723 654 1799 summationem
662 1719 847 1798 seculi,
895 1718 1136 1799 ideoque
1158 1717 1508 1798 baptismum
1531 1739 1719 1799 aquae,
1751 1721 1999 1802 e‘ousque

267 1821 622 1881 permanere.
707 1800 1018 1880 Respondeo.
1067 1797 1125 1859 Si
1170 1799 1280 1859 hoc
1327 1799 1462 1860 loco
1503 1798 1774 1881 loquutus
1809 1799 1998 1863 fuiffet

267 1882 341 1941 de
380 1882 664 1962 baptismo
693 1903 883 1962 aquae,
930 1897 1066 1942 tunc
1106 1880 1165 1939 id
1184 1900 1388 1961 urgere
1426 1896 1715 1961 poterant,
1747 1881 1840 1941 sed
1861 1885 1997 1944 cum

266 1963 382 2022 hoc
417 1978 676 2044 negetur,
719 1963 838 2022 imo
886 1962 947 2021 &
989 1961 1191 2021 falsum
1227 1963 1334 2020 effe
1370 1963 1686 2040 probatum
1728 1961 1817 2034 fit,
1863 1963 1996 2024 indet-

246 2043 409 2104 nihil
445 2044 645 2122 colligi
687 2043 873 2122 potcst
906 2068 925 2109 3
975 2042 1048 2101 de
1092 2040 1379 2120 baptismo
1423 2042 1670 2123 Spiritus
1712 2043 1990 2123 loquitur,

266 2146 439 2204 quem
462 2125 534 2183 ad
570 2121 1330 2192 consuinmationemseculi,
1374 2122 1494 2182 imo
1530 2122 1822 2214 quousque
1842 2145 1992 2204 prae-

263 2206 439 2266 sentia
491 2205 699 2264 Christi
737 2225 867 2277 curn
903 2203 1010 2264 suis
1049 2202 1150 2274 est,
1196 2221 1487 2281 remanere
1531 2202 1754 2264 lubenti
1796 2206 1998 2276 animo

266 2285 647 2349 concedimus·
2018 2355 2020 2358 v

346 2368 457 2428 IX.
501 2368 791 2436 TER'rro,
855 2367 1097 2447 objiciunt
1144 2362 1497 2424 constantem
1559 2364 1990 2445 Apostolorum
2027 2399 2030 2410 ·

266 2450 473 2530 praxin
522 2448 578 2507 in
607 2448 901 2529 primitiva
939 2444 1187 2516 ecclefia,
1235 2465 1379 2524 quos
1414 2449 1568 2505 aiunt
1621 2446 1842 2526 semper
1889 2449 1990 2507 ad-

266 2529 598 2591 ministrasse
638 2550 802 2609 aquae
851 2528 1198 2608 baptismum
1239 2528 1336 2597 eiS,
1384 2547 1531 2606 quos
1560 2525 1632 2586 ad
1648 2526 1829 2586 fidem
1851 2547 1989 2588 con-

267 2613 614 2678 vertebant3
659 2611 720 2669 &
762 2610 890 2669 hinc
919 2609 1092 2668 etiam
1134 2607 1319 2667 adhuc
1355 2623 1566 2687 urgent
1594 2606 1735 2666 illud
1767 2608 1988 2669 Matth.

265 2693 460 2753 xxviii.
504 2693 575 2751 de
624 2691 911 2771 baptismo
951 2709 1117 2769 aquae
1164 2687 1426 2765 intelligi,
1473 2687 1744 2767 alioquin,
1789 2685 1987 2760 dicunt,

265 2776 612 2854 sequeretur,
659 2771 982 2851 Apostolos
1015 2789 1129 2829 non
1167 2768 1320 2828 redte
1350 2767 1677 2828 intellexisse
1705 2768 1870 2828 illurn
1901 2770 1990 2830 lo.-
2025 2822 2027 2824 .

266 2876 420 2925 curn,
466 2853 738 2934 quoniam
785 2853 839 2911 in
882 2848 1229 2931 baptizando
1265 2847 1348 2907 ufi
1385 2847 1511 2908 sunt
1550 2853 1732 2928 aqua„
1760 2850 1853 2910 v‘el
1879 2849 1990 2910 sal-³

263 2953 383 2999 tem
405 2935 609 3014 absque
638 2934 1032 2994 commissione
1050 2949 1149 2990 aut
1166 2929 1438 2990 mandato
1468 2931 1577 2990 hoc
1605 2949 1789 3009 egere.
1819 2930 1977 3008 Raesp.

263 3017 420 3097 quod
459 3015 631 3075 fuerit
659 3015 919 3074 constans
968 3011 1394 3092 Apostolorum
1442 3008 1658 3089 praxiS,
1690 3011 1928 3088 negatur
1963 3033 1983 3076 ;

265 3098 385 3157 imo
422 3098 483 3154 &
523 3097 875 3156 contrarium
923 3095 998 3153 ab
1057 3090 1327 3171 exemplo
1387 3091 1554 3151 Pauli
1613 3086 1982 3160 ostendimus,

264 3181 400 3236 curn
437 3178 893 3237 absurdissimum
933 3175 1070 3234 esset
1105 3172 1443 3240 existimare,
1490 3167 1820 3235 convertiffe
1846 3187 1981 3228 eum

265 3258 452 3324 solum
499 3277 710 3337 paucos
748 3278 866 3329 eQS,
909 3255 1003 3317 vel
1051 3254 1120 3317 de
1148 3251 1377 3317 ecclesia
1416 3247 1702 3321 Corinthi,-
1745 3266 1888 3388 quqs
1907 3269 1983 3308 eo

495 3365 501 3370 ·
1863 3347 1973 3390 oco
