2086 3640
371 77 742 151 ''De-interm?
783 89 853 152 ἐξ
894 88 1200 152 immediatc‘i
1241 86 1574 151 revelatione.
1781 113 1822 170 9

104 211 125 239 ‘
167 196 259 277 ff
279 197 489 259 bonum-
564 194 672 256 Illa
693 216 820 263 nec
847 196 1070 275 optima
1097 215 1199 256 nec
1226 194 1512 255 veriffima
1540 193 1652 256 Dei
1682 213 1822 275 cog—

104 293 123 320 ‘
165 278 310 340 nitio
336 279 438 350 est,
483 298 615 358 quae
642 276 861 337 cerebri
889 278 1089 337 labore
1117 278 1179 335 &
1198 276 1404 338 sudore
1424 291 1822 356 comparatur,

40 362 43 365 ’
104 374 125 401 6
166 360 257 420 sed
285 375 371 431 ea,
415 379 561 440 quae-
595 357 986 436 inflammatur
1013 357 1222 417 caelesti
1251 358 1439 418 calore
1470 358 1527 416 in
1555 357 1827 418 cordibus

19 448 23 451 ’
105 455 125 481 6
168 441 405 500 nostris·
475 441 554 498 Et
588 439 777 518 ‘rursus
828 439 963 499 idem
1011 439 1239 498 author:
1297 438 1543 499 Scientia
1569 437 1828 498 veritatis

106 535 124 561 ‘
166 522 246 581 est
292 521 434 581 ficut
477 521 533 578 in
577 520 708 598 Jesu
737 520 839 590 est,
899 531 967 579 ut
1010 520 1065 578 in
1107 518 1427 584 Christiana
1470 520 1674 580 natura
1719 519 1823 591 est,

106 616 126 642 6
169 602 312 661 ficut
350 601 431 661 est
461 602 517 660 in
544 600 725 671 dulci,
767 600 917 671 miti,
964 598 1190 669 humili,
1251 601 1314 658 δε
1341 601 1577 662 amabili
1609 601 1828 682 Spiritu

103 697 122 724 6
165 683 296 760 Jesu
331 708 350 749 ·,
407 682 508 764 qui
538 682 645 741 sese
691 681 983 752 diffundit,
1026 679 1184 760 quali
1226 680 1310 739 sol
1361 682 1696 755 matutinuS,
1768 681 1828 742 in

103 779 121 806 ‘
164 764 406 843 Spiritus
436 763 686 843 piorum,
728 763 926 843 plenus
954 761 1171 822 lumine
1198 761 1259 820 &
1279 761 1417 821 vita.
1504 765 1646 826 Non
1676 763 1829 823 mul-

102 860 121 885 ‘
166 859 293 904 tum
321 844 551 924 prodest
581 844 875 903 Christum
905 843 1088 923 ipsum
1106 841 1414 910 secundum
1438 865 1667 903 carnem
1691 865 1831 924 cog-

102 940 121 967 ‘
165 926 434 984 noscere:
479 925 591 985 Sed
617 925 897 1004 Spiritum
928 925 1037 984 dat
1058 925 1243 995 boniS,
1290 925 1389 1003 qui
1411 925 1695 1005 profunda
1718 926 1832 988 Dei

103 1021 122 1047 ‘
163 1006 464 1066 scrutatur.
549 1006 773 1066 Tenuis
798 1006 1063 1066 &inanis
1091 1005 1318 1064 scientia
1354 1007 1456 1076 est,
1503 1027 1634 1086 quae
1674 1007 1835 1067 mera

102 1102 122 1128 ‘
164 1087 544 1166 speculatione
573 1087 909 1166 acquiritur,
953 1107 1085 1167 quae
1133 1086 1475 1166 syllogismis
1505 1088 1566 1145 ὅτ
1593 1088 1833 1146 demon-

102 1184 120 1209 6
165 1169 530 1231 strationibus
579 1167 1004 1235 introducitur;
1063 1167 1155 1227 sed
1185 1187 1316 1248 quae
1346 1168 1375 1225 a
1408 1168 1543 1228 vera
1574 1169 1836 1229 bonitate

102 1264 122 1291 6
166 1252 453 1328 provenit,
544 1259 776 1328 θειὸτεςδν
797 1280 854 1313 τι
875 1259 1034 1316 πάσης
1064 1255 1364 1325 hostisiam,
1439 1269 1506 1310 ut
1551 1250 1835 1330 Origenes

103 1345 122 1373 6
165 1331 444 1410 loquitur,
515 1333 756 1393 divinum
799 1335 942 1395 illud
990 1336 1163 1394 lumen
1213 1337 1405 1393 animoe
1451 1334 1636 1411 affert,
1702 1332 1838 1413 quod

103 1427 123 1453 6
167 1413 475 1472 luculentius
510 1417 601 1491 est,
648 1416 718 1477 ἑά
755 1419 921 1498 magis
963 1417 1292 1497 manifestum
1336 1419 1476 1475 omni
1515 1415 1834 1491 demonstra-

103 1507 124 1533 ‘
164 1509 316 1554 tzone.

180 1576 295 1635 III,
329 1577 533 1637 HANc
564 1578 745 1659 igitur
774 1595 993 1640 certam
1038 1580 1100 1638 δε
1128 1580 1516 1639 indubitatam
1548 1597 1703 1638 verae
1736 1577 1839 1636 sci-

98 1657 270 1717 entiae
299 1659 642 1719 methodum
691 1661 749 1719 in
793 1660 1220 1720 desuetudinem
1249 1659 1559 1730 adduxisse,
1625 1679 1739 1719 non
1769 1681 1838 1719 ex

103 1738 353 1798 minimis
394 1739 615 1800 diaboli
640 1741 857 1800 astutiis
900 1742 1320 1801 numerandum
1350 1740 1451 1810 est,
1500 1741 1708 1821 quibus
1736 1744 1849 1820 ge-'

99 1841 204 1880 nus
255 1820 574 1880 humanum
631 1821 738 1882 fibi
779 1823 992 1902 suoque
1050 1843 1230 1901 regno
1276 1819 1594 1898 subjeffiffln]
1648 1837 1840 1883 tenere

99 1902 290 1980 sperat
323 1926 340 1966 3
403 1901 718 1982 Postquam
747 1903 900 1962 enim
929 1903 1030 1962 lux
1079 1904 1139 1962 &
1169 1901 1357 1983 gloria
1387 1902 1724 1962 Christianae
1756 1924 1841 1962 re-

102 1981 330 2061 ligionis
388 1982 502 2041 'am
550 1982 936 2062 praevaluisset
965 1984 1022 2043 in
1067 1988 1279 2064 magnz‘i
1327 1983 1484 2044 orbis
1529 2002 1714 2064 parte,
1780 1986 1843 2042 &

68 2121 73 2126 .
102 2065 344 2123 tenebro
370 2084 465 2122 am
509 2063 671 2142 illam
701 2064 1090 2125 Ethnicorum
1118 2066 1443 2125 doch-inam
1491 2063 1609 2123 sere
1652 2081 1843 2125 totam

103 2143 427 2224 diffipfiffet,
474 2143 632 2204 illico
662 2146 943 2226 cognovit
986 2148 1249 2226 antiquus
1302 2147 1402 2207 ille
1446 2147 1691 2226 serpenS,
1740 2147 1843 2206 illo

106 2225 286 2285 modo
312 2232 426 2286 non
456 2226 706 2307 amplius
734 2227 927 2287 deludi
971 2229 1254 2288 mundum
1284 2228 1444 2309 posse
1474 2254 1493 2295 ;
1567 2244 1707 2287 tunc
1736 2229 1844 2308 igi*

106 2323 202 2366 tur
238 2307 539 2368 hominem
568 2307 730 2368 inflat
777 2307 914 2368 falsa
943 2310 1186 2370 Scientia
1231 2311 1354 2369 veri
1391 2310 1523 2380 Dei,
1587 2310 1846 2369 stimulat

103 2387 271 2447 illurn
301 2389 494 2448 Deum
526 2388 742 2449 sinistre
777 2410 1057 2470 quaerere,
1102 2391 1515 2472 persuadetque
1547 2391 1845 2451 subsistere

106 2470 162 2528 in
184 2471 287 2529 tali
317 2470 429 2530 Dei
471 2470 721 2542 scientia,
765 2492 899 2551 quae
929 2493 1002 2532 ex
1047 2474 1299 2538 humandi
1336 2471 1707 2553 acquisitione
1736 2473 1841 2543 est,

105 2571 222 2611 non
265 2572 337 2611 ex
390 2551 582 2611 divina
613 2551 976 2614 revelatione.
1063 2557 1265 2634 Atque
1311 2554 1402 2613 hic
1446 2554 1614 2613 dolus
1649 2554 1844 2634 ¹magis

104 2631 380 2703 succeffit,
442 2632 603 2712 quod
630 2649 911 2714 corrupto
956 2635 1204 2695 hominis
1244 2635 1482 2715 Spiritui
1529 2635 1591 2692 ὅτ
1619 2651 1845 2695 naturae

105 2714 241 2791 apte
272 2714 743 2774 accommodatus
770 2713 872 2785 est,
933 2716 1033 2795 qui
1081 2733 1212 2776 ante
1254 2716 1450 2776 omnia
1477 2716 1717 2797 seipsum
1746 2737 1846 2776 ex-

106 2795 287 2853 altare
307 2795 587 2861 >affe6tat3
632 2795 689 2854 in
705 2795 816 2875 qua
845 2795 927 2854 sui
956 2796 1126 2875 ipsius
1153 2798 1522 2870 exaltatione,
1567 2813 1634 2857 ut
1661 2797 1691 2853 a
1717 2798 1848 2856 Deo
1927 2868 1930 2871 ¹
1955 2861 1957 2863 ,

109 2875 362 2935 maxime
411 2877 647 2947 recedit,
691 2876 772 2936 ita
799 2876 1036 2937 diabolo
1066 2880 1321 2939 maxime
1354 2880 1566 2958 placet,
1614 2879 1707 2938 cui
1736 2880 1846 2938 mi-

107 2956 264 3018 nime
314 2976 469 3016 curae
514 2957 595 3016 est
643 2973 925 3037 quantum
956 2958 1112 3020 Deus
1142 2981 1242 3020 ore
1279 2961 1629 3040 agnoscitur,
1675 2960 1847 3022 dum-

111 3036 290 3096 modo
320 3037 555 3116 ipsemet
582 3057 757 3117 opere
785 3040 1012 3099 colitur.
1099 3042 1316 3102 Parum
1347 3058 1512 3101 curat
1548 3057 1682 3101 utut
1710 3062 1846 3122 pro-

110 3117 311 3181 fundas
355 3118 764 3198 speculationes
812 3121 1086 3181 naturalis
1133 3124 1314 3183 homo
1343 3122 1413 3181 de
1452 3123 1580 3182 Deo
1610 3123 1841 3194 habeat,

112 3199 253 3259 dum
281 3200 745 3280 concupiscentiis
773 3200 836 3261 &
855 3204 1204 3282 pastionibus
1233 3204 1340 3266 suis
1361 3206 1752 3286 obtemperat,
1784 3205 1845 3266 &

116 3279 279 3341 malis
321 3281 798 3362 suggestionibuS,
860 3284 922 3346 δε
976 3285 1388 3350 tentationibus
1432 3286 1549 3368 ejus
1593 3285 1842 3427 inserxiit.

1788 3383 1845 3426 ta
