2086 3640
206 81 323 143 190
464 61 945 123 THESIS
1026 60 1660 130 SEPTIMA,

195 196 359 256 neque
403 176 717 252 circumcisio
765 173 974 255 aliquid
1017 174 1189 247 valet,
1248 197 1408 258 neque
1436 183 1778 258 praeputium,
1822 179 1925 262 de

182 257 342 332 fides,
389 277 505 335 quae
532 273 637 334 per
683 257 996 318 charitatem
1031 271 1322 335 operatum
1368 256 1555 339 sicque
1581 261 1754 323 etiam
1784 283 1921 324 con-

196 336 378 396 cludit
397 357 524 416 cap.
548 338 624 396 vi.
668 357 787 397 ver.
821 356 912 413 15.
949 337 1028 397 In>
1059 338 1267 415 Christo
1301 340 1439 398 enim
1476 340 1608 418 Jefie
1642 349 1923 422 nequecir-

194 418 429 495 cumczsto
471 416 679 499 aliquid
716 418 868 479 valet
904 440 1064 500 neque
1091 422 1437 498 praeputium,
1466 418 1567 500 sed
1608 442 1751 483 nova
1767 445 1921 485 crea-

194 511 340 556 tura.
405 499 498 559 Ex
528 499 734 579 quibus
756 499 896 560 locis
916 500 1200 562 distinctio
1229 499 1328 560 illa
1350 501 1484 561 ante
1504 501 1656 563 dieta
1675 523 1923 584 operum

195 596 461 657 apparet,
508 601 762 660 quorum
785 582 1053 662 quaedam
1074 581 1476 652 excluduntur,
1521 584 1792 664 quaedam
1822 606 1926 645 au-

194 675 315 718 tem
333 662 636 721 neceffaria
657 662 785 722 sunt
805 663 878 722 ad
906 662 1392 742 justificationem.
1438 664 1586 724 Hoc
1607 665 1741 725 loco
1767 667 1923 726 enim

194 740 442 801 ostendit
482 743 799 823 Apostolus
840 744 1329 804 circumcisionem
1368 748 1512 823 (quo
1557 747 1742 807 verbo
1768 747 1918 827 saepe

192 824 761 902 comprehenduntur
781 846 978 885 omnes
1000 826 1357 896 ceremoniae,
1402 825 1626 906 &legis
1651 827 1920 889 observa-

193 904 401 983 tiones)
448 926 563 966 non
611 907 719 964 effe
760 907 1144 978 neceffariam,
1191 928 1294 967 nec
1313 905 1521 967 valere.
1606 908 1766 969 Haec
1811 908 1924 988 igi-

192 1002 289 1045 tur
307 1006 484 1065 opera
501 986 918 1047 excluduntur:
963 988 1103 1048 fides
1125 1004 1337 1058 autern,
1383 1008 1513 1067 quae
1531 1007 1634 1068 per
1678 989 1924 1048 charita-

194 1083 315 1126 tem
345 1085 640 1146 operatur,
686 1089 837 1128 nova
872 1068 1140 1129 videlicet
1168 1086 1447 1140 creatura,
1494 1070 1608 1129 hoc
1643 1068 1790 1128 illud
1817 1070 1922 1142 est,

193 1148 354 1227 quod
382 1150 557 1221 valet,
604 1150 715 1210 hoe
756 1150 994 1211 omnino
1013 1151 1378 1211 neceffarium
1409 1151 1529 1216 est·‚
1574 1150 1715 1210 fides
1742 1149 1921 1223 enim,

193 1250 323 1309 quae
346 1250 450 1309 per
468 1231 805 1291 charitatem
835 1249 1129 1313 operatur,
1177 1231 1290 1292 fine
1327 1232 1601 1311 operibus
1649 1232 1758 1290 effe
1802 1252 1920 1292 non

196 1311 431 1390 potest„
469 1332 627 1384 nam,
694 1329 760 1372 ut
797 1314 1001 1373 eodem
1039 1314 1227 1392 capite
1267 1334 1324 1373 v.v
1370 1332 1489 1372 ver.
1541 1331 1637 1371 22.
1690 1312 1921 1385 dicitur,

195 1392 452 1452 Charitas
474 1394 542 1468 est
559 1410 681 1471 opus
702 1395 948 1472 Spiritds.
995 1395 1076 1454 Et
1100 1395 1140 1452 {i
1169 1414 1321 1454 nova
1342 1410 1604 1454 creatura
1623 1393 1923 1454 neceffaria

195 1472 288 1543 fit,
336 1494 400 1531 ea
450 1474 661 1552 absque
698 1477 968 1555 operibus
1007 1476 1114 1536 esse
1159 1475 1376 1555 nequit,
1423 1477 1559 1533 cum
1587 1474 1927 1534 naturaliter

194 1573 374 1632 opera
406 1552 644 1631 justitiae
683 1554 988 1634 producat.
1074 1555 1156 1614 Et
1189 1555 1347 1634 quod
1395 1553 1717 1633 hujusmodi
1744 1575 1922 1635 opera

194 1634 435 1694 minime
462 1634 652 1695 voluit
681 1636 1004 1717 Apostolus
1024 1636 1348 1706 excludere,
1393 1651 1659 1715 apparet,
1705 1636 1841 1695 cum
1870 1637 1928 1696 in

192 1715 394 1775 eadem
412 1716 649 1796 epistola
670 1738 736 1776 ea
755 1717 979 1778 Galatis
1005 1717 1394 1786 commendet,
1438 1736 1756 1796 eorumque
1776 1716 1931 1777 utili-

195 1808 377 1857 tatem
420 1809 478 1863 &
515 1800 900 1860 neceffitatem
941 1799 1020 1858 eis
1055 1798 1325 1871 inculcet,
1369 1797 1538 1877 idque
1578 1796 1924 1870 luculenter,

195 1899 324 1958 cap.
347 1879 422 1938 vi.
453 1900 571 1938 ver.
601 1899 656 1958 7,
708 1883 767 1950 8,
792 1900 848 1959 9.
893 1880 1094 1951 Nolite,
1141 1883 1332 1961 inquit,
1375 1899 1584 1951 errare,
1627 1879 1777 1939 Deus
1823 1899 1928 1940 non

196 1959 474 2030 irridetur,
522 1983 635 2040 quae
662 1964 797 2021 enim
823 1964 1177 2039 seminaverit
1222 1963 1388 2032 h0m0‚
1474 1961 1567 2021 hoc
1615 1961 1686 2022 &
1735 1972 1887 2021 metet
1906 1981 1928 2018 .·

197 2043 442 2121 quoniam
482 2045 572 2121 qui
595 2044 822 2121 seminat
857 2047 912 2103 in
953 2065 1112 2104 carne
1137 2043 1266 2121 sud,
1328 2041 1391 2102 de
1437 2062 1598 2100 carne
1653 2041 1723 2102 ξεῖ
1773 2053 1928 2101 metet

197 2126 620 2200 corruptionem3
692 2126 781 2203 qui
828 2136 1001 2184 autem
1042 2127 1271 2204 seminat
1318 2126 1374 2182 in
1416 2122 1640 2201 Spiritu,
1715 2120 1778 2181 de
1802 2124 1923 2200 Spi-

196 2207 309 2263 ritu
346 2216 499 2263 metet
532 2207 708 2264 vitam
748 2218 1019 2265 oeternam.
1105 2205 1310 2264 Bonum
1331 2216 1503 2263 autem
1517 2204 1777 2282 facientes
1826 2223 1928 2263 non

198 2284 520 2359 deficiamus,
580 2298 810 2364 tempore
855 2287 990 2346 enim
1031 2287 1129 2365 suo
1187 2299 1429 2346 metemus
1469 2305 1570 2344 non
1626 2284 1928 2359 deficientes.

199 2365 635 2444 Nunquidinde
656 2367 811 2427 clare
833 2384 1012 2448 patet,
1058 2383 1264 2427 notum
1308 2365 1532 2426 Galatis
1573 2365 1810 2425 voluiffe
1840 2368 1930 2426 A·

196 2446 519 2527 postolum,
585 2449 764 2529 quam
808 2449 1109 2508 neceffaria
1158 2449 1273 2529 ipse
1328 2447 1739 2507 existimaverit
1778 2447 1932 2506 bona

201 2549 403 2607 opera,
449 2529 658 2590 scilicet
680 2552 796 2589 non
847 2547 1108 2590 externas
1140 2527 1486 2588 ceremonias
1509 2539 1568 2593 ὃ(
1597 2526 1930 2588 traditiones

201 2609 399 2688 Legis,
446 2610 540 2669 sed
557 2609 774 2671 fruetus
797 2610 1063 2691 SpirituS‚
1108 2631 1251 2691 quos
1275 2609 1453 2689 paulo
1481 2625 1612 2669 ante
1655 2608 1931 2668 memine-

201 2706 313 2760 rat,
359 2712 477 2770 quo
500 2693 720 2771 Spiritu
739 2692 927 2752 voluit
966 2713 1060 2752 eos
1092 2692 1211 2771 agi,
1256 2692 1317 2751 &
1348 2691 1401 2750 in
1432 2693 1584 2750 bona
1614 2690 1714 2751 illa
1750 2709 1928 2769 opera

198 2770 349 2829 duci.
437 2775 710 2853 Apparet
729 2774 923 2844 etiam,
968 2789 1254 2854 quantum,
1270 2772 1383 2831 istis
1412 2771 1686 2850 operibus
1722 2769 1930 2830 adscri-

201 2853 322 2922 bat,
369 2855 576 2932 quibus
597 2855 781 2915 vitam
802 2872 1080 2916 aeternam
1104 2853 1366 2934 consequi
1388 2870 1576 2932 putat.
1659 2853 1804 2912 Hoc
1826 2851 1931 2910 ho-

201 2933 342 2991 mini
379 2954 493 2992 non
543 2938 731 3016 potest
761 2938 897 3016 quin
920 2937 988 2995 fit
1024 2935 1202 3015 quam
1231 2935 1623 3004 necessarium,
1668 2951 1788 3013 quo
1804 2947 1927 2990 tan·

200 3027 322 3072 tam
364 3016 425 3072 &
467 3015 589 3076 tam
612 3019 841 3079 beatam
880 3018 1113 3076 meffem
1142 3015 1324 3075 metit.
1408 3015 1519 3074 Sed
1542 3014 1808 3091 denique,
1851 3007 1927 3068 ad

200 3095 549 3172 ampliorem
572 3098 734 3177 hujus
762 3098 1097 3176 objectionis
1121 3094 1559 3176 responlionem,
1604 3094 1667 3152 δε
1694 3105 1759 3149 ut
1787 3089 1928 3147 ube-

202 3172 317 3231 rius
369 3175 492 3235 haec
534 3179 603 3237 de
646 3181 809 3240 bonis
845 3180 1118 3260 operibus
1147 3177 1407 3237 doctrina
1429 3173 1764 3240 stabiliatur,
1811 3169 1929 3228 alio

200 3250 367 3333 hujus
398 3258 674 3336 Apostoli
700 3261 859 3326 dicto
886 3277 1040 3334 utar,
1083 3277 1201 3340 quo
1224 3258 1286 3321 &
1329 3256 1386 3320 in
1434 3253 1688 3318 caecitate
1708 3249 1934 3391 animer>13

1800 3349 1868 3392 ru
