2086 3640
235 61 352 139 362
457 40 944 120 THESJS
1010 61 1849 134 DUODECIMA.

229 172 521 252 deponere
558 167 854 238 nolebant,
902 165 1031 225 ideo
1049 167 1203 229 certe
1233 167 1608 231 ministerium
1639 174 1776 254 ejus,
1799 199 1978 259 quan-

229 274 426 334 quam,
470 248 668 331 quoad
705 247 1182 329 praedicationem
1225 249 1557 331 Evangelii,
1602 253 1664 314 ὅτ
1689 259 1826 319 novi
1862 261 1974 321 foe-

226 335 382 396 deris
418 329 997 401 administrationem,
1042 351 1160 391 non
1198 331 1386 391 minus
1421 348 1524 394 aut
1554 336 1762 400 anitius
1801 340 1976 403 fuerit

228 437 406 499 quam
450 429 798 474 caeterorum
829 412 1289 492 Apostolorum,
1332 434 1452 474 non
1481 427 1676 478 tamen
1722 422 1977 500 postula-

233 503 338 561 bat
376 498 451 557 ab
479 496 602 567 illo,
650 509 718 554 ut
746 493 1069 575 proselytos
1114 495 1242 555 suos
1282 494 1338 555 in
1379 495 1654 574 Juda'ieas
1694 501 1842 569 ,tales
1870 508 1980 566 ob-

229 578 576 642 servationes
611 576 674 636 &
701 576 1015 656 baptismos
1043 575 1301 648 duceret,
1345 593 1639 660 utcunque
1676 582 1814 642 talia
1843 605 1978 665 per-

229 661 614 722 mittebantur
659 658 723 718 &
769 661 1197 740 peragebantur
1236 658 1267 716 a
1301 659 1521 720 caeteris
1558 663 1860 744 Apostolis
1890 667 1975 725 in-

231 760 327 804 ter
359 742 639 822 Juda‘i‘cos
680 740 1002 823 proselytos
1036 767 1054 808 ς
1119 740 1247 802 ideo
1290 762 1358 801 ue
1402 741 1536 802 Deo
1564 745 1779 824 gratias
1827 749 1971 828 agit,

232 824 396 905 quod
416 824 540 885 tam
566 844 780 905 paucos
800 821 1220 903 baptizaverat,
1250 763 1579 904 lignificans
1614 825 1784 899 illud,
1815 831 1976 910 quod

229 906 466 977 fecerat,
511 927 628 966 non
670 904 859 968 feciffe
899 904 1115 966 virtute
1141 905 1417 966 missionis
1455 906 1837 987 Apostolicae,
1882 911 1979 970 sed

230 988 430 1070 potius
464 1008 671 1049 eorum
721 986 1104 1048 imbecillitati
1147 986 1522 1068 indulgendo,
1568 988 1714 1051 ficut
1751 990 1816 1050 ὅτ
1859 993 1978 1052 alio

232 1086 499 1151 tempore
529 1068 978 1132 circumcidebat
1022 1070 1426 1130 Timotheum.
1512 1070 1867 1145 Adversarii,
1911 1088 1984 1135 ut

234 1150 400 1232 hujus
445 1151 757 1212 testimonii
795 1150 918 1210 vim
962 1151 1219 1223 eludant,
1266 1151 1658 1213 communiter
1696 1153 1977 1235 allegant,

233 1235 349 1296 hoc
390 1234 763 1294 solummodo
792 1233 1230 1315 intelligendum
1274 1233 1405 1306 effe,
1450 1234 1613 1312 quod
1654 1256 1770 1296 non
1816 1245 1976 1317 prin-

199 1379 201 1381 ,
235 1316 498 1395 cipaliter
542 1316 734 1376 miffus
764 1311 937 1374 fuerit
972 1314 1361 1396 baptizatum,
1393 1333 1510 1374 non
1546 1315 1708 1396 quod
1737 1318 1977 1379 omnino

231 1419 349 1458 non
405 1397 598 1457 missus
637 1396 829 1456 fuerit.
912 1397 1045 1468 Sed,
1110 1399 1246 1456 cum
1294 1397 1421 1456 haec
1462 1397 1746 1476 expositio
1793 1399 1978 1480 planis

230 1479 428 1538 textus
466 1477 662 1538 verbis
697 1478 1080 1548 contradicat,
1145 1499 1248 1538 nec
1298 1477 1501 1537 melius
1536 1476 1978 1542 fundamentum

233 1561 467 1631 habeat,
527 1559 703 1640 quam
755 1580 977 1619 meram
1016 1558 1435 1619 affirmantium
1480 1559 1972 1635 asseverationem,

227 1664 361 1703 eam
388 1641 546 1721 quali
574 1639 827 1721 spuriam
849 1640 1059 1700 merito
1081 1639 1391 1719 rejicimUS,
1434 1639 1609 1726 usque
1628 1641 1773 1702 dum
1802 1642 1979 1705 aliam

235 1724 648 1806 probationem
697 1722 974 1784 adferant.
1061 1722 1204 1784 Non
1241 1724 1344 1793 ait,
1407 1741 1523 1780 non
1559 1722 1635 1782 ad
1676 1723 1978 1805 baptizan-

234 1808 377 1866 dum
427 1805 819 1886 principaliter
870 1805 1064 1864 miffus
1102 1803 1208 1876 fui,
1271 1803 1364 1863 sed
1426 1803 1498 1864 ad
1558 1803 1974 1886 baptizandum

236 1905 353 1948 non
392 1888 583 1947 miffus
613 1886 714 1946 fui.
798 1886 982 1970 de
1014 1900 1208 1945 autem
1258 1887 1405 1946 hanc
1436 1885 1854 1966 expolitionem
1880 1907 1980 1947 ur-

235 1986 376 2049 gent
412 1972 487 2028 ab
516 1967 636 2028 aliis
653 1967 967 2047 Scripturae
1005 1967 1166 2038 lociS,
1210 1969 1312 2027 ubi
1346 1989 1484 2038 vox,
1529 1989 1652 2039 non,
1695 1968 1774 2031 ita
1801 1968 1975 2028 sumi-

234 2069 351 2122 tur,
398 2049 613 2129 quippe
641 2048 745 2108 ubi
781 2048 1011 2120 dicitur,
1056 2048 1309 2108 DeleHor
1348 2050 1464 2109 beni
1496 2052 1681 2119 nitate,
1728 2071 1831 2110 non
1873 2071 1973 2110 au-

235 2147 341 2196 tem
372 2132 659 2210 sacrifica),
707 2130 865 2211 quod
907 2129 1153 2210 intelligi
1198 2130 1408 2209 potest,
1517 2150 1648 2188 eum
1686 2130 1975 2210 principa-

237 2216 371 2274 liter
391 2210 665 2273 delectari
689 2211 1064 2292 benignitate,
1108 2230 1223 2270 non
1253 2226 1447 2270 autem
1476 2210 1750 2270 sacrificia
1779 2211 1976 2271 exclu-

237 2296 472 2363 dendo;
525 2293 616 2354 sed
658 2293 751 2353 hic
791 2293 950 2353 locus
990 2292 1350 2372 sequentibus
1384 2291 1576 2352 verbis
1623 2292 1751 2352 satis
1779 2293 1978 2373 expla-

214 2386 433 2447 natur,
479 2397 610 2456 quae
639 2374 787 2446 sunt,
835 2377 904 2439 &
946 2378 1226 2457 cognitione
1261 2377 1424 2455 magis
1451 2374 1611 2454 qudm
1647 2374 1974 2451 holocaustis,

238 2461 341 2520 ubi
375 2457 491 2518 late
531 2458 592 2515 &
632 2456 831 2537 aperte
861 2472 1041 2536 patet,
1104 2456 1456 2526 holocausta,
1502 2475 1632 2534 quae
1670 2457 1732 2515 &
1778 2456 1979 2516 eadem

235 2542 367 2601 sunt
407 2561 540 2600 curn
582 2538 890 2610 sacrificiis,
956 2559 1075 2598 non
1128 2537 1372 2598 excludi.
1456 2538 1566 2597 Sed
1613 2558 1683 2596 ne
1728 2537 1979 2598 verbum

243 2621 569 2702 hujusmodi
608 2620 839 2680 additur
882 2620 939 2678 in
982 2620 1089 2680 isto
1121 2619 1305 2689 Pauli,
1348 2619 1588 2698 ideoque
1615 2619 1827 2699 paritas
1855 2639 1972 2679 non
2044 2688 2049 2692 ,

238 2706 322 2764 est
359 2725 547 2784 aequa,
594 2723 776 2782 neque
818 2701 1024 2762 sufficit
1058 2701 1173 2761 tale
1197 2701 1548 2780 exemplum,
1597 2700 1698 2760 nisi
1724 2701 1975 2781 probare

238 2788 454 2866 posfint
495 2786 644 2844 hunc
682 2784 878 2843 locum
919 2783 1095 2842 etiam
1139 2782 1217 2842 ita
1271 2782 1516 2862 intelligi
1551 2781 1782 2853 debere,
1836 2781 1992 2841 alio-.

238 2868 378 2946 quin
419 2865 619 2925 eadem
660 2866 862 2945 regula
903 2864 1015 2923 alia
1042 2863 1356 2944 Scripturae
1387 2863 1516 2923 loca
1552 2863 1758 2923 eodem
1801 2862 1980 2923 modo

240 2946 602 3028 interpretari
650 2950 948 3026 poffimuS,
1000 2966 1227 3025 nempe,
1294 2968 1315 3005 1
1356 2946 1491 3004 Cor.
1537 2944 1591 3004 ii.
1641 2963 1696 3020 5.
1746 2958 1807 3005 ut
1836 2943 1976 3019 fides

239 3033 423 3106 vestra
463 3051 563 3088 non
590 3031 667 3105 stt
716 3031 770 3088 in
783 3029 1053 3106 sapientiai
1080 3029 1362 3097 hominum,
1393 3027 1494 3104 sed
1517 3029 1572 3086 in
1612 3029 1816 3086 virtute
1839 3025 1971 3094 Dei,

237 3112 354 3169 dici
391 3113 583 3190 possit,
638 3111 796 3190 quod
823 3130 939 3168 non
973 3108 1365 3188 principaliter
1386 3107 1456 3166 sit
1494 3108 1551 3166 in
1578 3104 1845 3186 sapientia
1875 3104 1981 3163 ho·-

243 3191 489 3262 minum,
523 3191 637 3250 &a
724 3186 1046 3274 Qomodo
1086 3188 1338 3269 perverti
1374 3191 1548 3269 possit
1583 3183 1971 3264 Evangelium

241 3271 349 3330 hac
398 3272 880 3350 interpretationis
907 3271 1217 3334 libertate?
1279 3270 1339 3331 Si
1366 3269 1583 3339 dicetur,
1638 3265 1800 3347 hujus
1825 3267 1969 3405 bap-

827 3386 831 3389 -
1815 3361 1860 3408 tl
1890 3366 1972 3407 mi
