2086 3640
257 121 368 181 132
437 99 841 160 THESIS
885 97 1872 178 QUINTA&‘SEXTA.

250 208 547 278 sufficien5‚
592 209 729 266 cum
757 205 925 286 plane
970 204 1125 264 idem
1154 203 1225 264 fit
1251 225 1386 264 cum
1409 204 1532 277 ino,
1577 203 1736 285 quod
1764 205 1822 264 in
1851 221 1980 265 cor-

252 287 415 348 dibus
456 308 680 356 eorum,
718 287 813 365 qui
859 286 1158 366 recipiunt,
1204 286 1459 346 fructum
1489 283 1618 346 fert.
1663 285 1821 355 Ideo,
1846 286 1982 345 licet

253 389 450 429 omnes
490 389 592 448 per
614 366 757 427 illud
787 389 903 427 non
923 365 1230 439 salventur,
1266 365 1458 427 semen
1477 383 1666 427 tamen
1707 366 1896 426 salutis
1926 366 1982 424 in

255 448 525 510 omnibus
556 450 653 518 est,
677 448 839 528 quod
856 448 1145 519 cresceret,
1169 449 1229 507 &
1250 446 1501 508 animam
1525 448 1852 517 redimeret,
1881 444 1983 506 nifi

256 529 600 609 impeditum
622 530 682 587 &
701 529 1043 589 suffocatum
1065 529 1212 589 effet.
1254 529 1346 589 De
1366 530 1472 589 hac
1491 527 1767 608 parabol&
1779 528 1987 587 Victor
2082 511 2086 574 Ᾰ

132 619 137 625 “
252 609 654 683 ,Αηῑίοςὴεῐιυε
684 611 766 687 (in
795 631 922 702 cap.
946 611 1020 671 iv.
1046 611 1204 670 Mar.
1228 625 1294 669 ut
1314 609 1345 667 Ξι
1371 611 1574 669 Voffio
1596 609 1805 670 citatur
1825 605 1986 668 Hist.
2083 605 2086 612 '

258 689 463 770 Pelag.
512 691 611 751 lib.
660 696 764 772 7.)
823 707 941 764 ait,
1013 693 1302 752 Dominum
1355 691 1622 768 Christum
1671 689 1986 758 liberaliter,

255 771 415 833 nulld
460 773 651 832 habitd
686 771 1032 851 perlbnarum
1078 775 1303 843 ratione,
1365 773 1609 832 divinum
1658 771 1800 833 illud
1832 771 1989 831 verbi

244 858 418 933 semen
445 853 742 935 semindffi’,
808 854 878 917 ἐξ
913 855 1146 915 omnibus
1175 853 1500 933 propoficzffi’.
1585 854 1662 913 Et
1694 854 1857 931 ficut,
1903 853 1994 931 qui

244 938 531 1014 seminant,
580 938 719 995 inter
755 948 956 995 terram
1008 935 1083 997 ἐξ,
1117 948 1326 995 terram
1371 955 1474 994 non
1507 933 1842 1015 dzstinguunt,
1898 931 1999 1011 sed

244 1018 419 1094 semen
473 1016 789 1095 stmpliciter
849 1017 919 1079 δέ
969 1018 1076 1095 abs
1089 1037 1152 1077 ue
1197 1016 1518 1093 distinetione
1571 1018 1863 1097 injiciunt3
1911 1015 1995 1088 stc

261 1097 600 1158 Salvatorem
639 1099 890 1176 nostrum,
936 1039 1320 1179 q'uoclqsuarum
1363 1111 1482 1157 erat
1521 1098 1786 1175 partium,
1830 1097 1995 1153 omni-

263 1179 358 1253 bus
408 1181 699 1258 promiscue?
739 1179 913 1239 divini
965 1179 1121 1239 verbi
1155 1182 1358 1239 viHum
1407 1178 1572 1239 obtuli
1613 1200 1660 1248 e,
1727 1175 1845 1235 licet
1895 1195 1998 1235 non

263 1262 552 1341 ignoraret,
615 1260 743 1341 quid
785 1261 847 1320 de
884 1260 1134 1339 pluribus
1181 1273 1491 1320 eventurum
1541 1258 1671 1339 effi’t.
1756 1258 2000 1337 Denique

263 1343 345 1400 ita
378 1343 440 1418 se
471 1341 635 1422 gefft,
681 1355 740 1402 ut
781 1344 966 1402 merit&
1016 1341 1185 1402 dicere
1221 1341 1402 1421 poffl’t,
1448 1341 1579 1421 quid
1629 1339 2001 1418 mihivfacien-

266 1420 390 1480 dum
438 1423 574 1500 effet,
620 1422 757 1503 quod
779 1443 879 1482 non
893 1425 1022 1502 feci.
1108 1423 1190 1482 Et
1218 1423 1351 1481 huic
1379 1420 1573 1481 fimilis
1601 1420 1682 1480 est
1721 1418 2005 1500 parabola

262 1501 640 1572 talentorum,
688 1503 908 1563 Matth.
959 1524 1098 1563 xxv.
1148 1503 1247 1583 qui
1295 1501 1418 1561 duo
1470 1503 1684 1562 talenta
1730 1500 1999 1569 habebat,

265 1597 535 1662 acceptus
583 1580 710 1654 fuit,
776 1603 895 1641 non
938 1583 1146 1654 minuS,
1211 1582 1388 1662 quhm
1432 1583 1530 1661 qui
1559 1583 1812 1642 habebat
1838 1581 2002 1660 quin·

264 1683 400 1743 que,
463 1662 597 1743 quia
644 1663 718 1722 ad
769 1661 1011 1723 Domini
1058 1662 1370 1723 utilitatem
1411 1663 1539 1722 usus
1587 1661 1686 1722 est.
1770 1660 1853 1721 Et
1905 1659 2005 1741 qui

267 1763 448 1803 unum
494 1743 718 1814 habuit,
763 1743 916 1803 idem
943 1742 1129 1804 feciffe
1179 1744 1409 1824 potuit:
1453 1742 1735 1804 talentum
1758 1740 2006 1822 ejusdem

267 1823 491 1905 generis
536 1845 671 1885 cum
702 1824 919 1885 caeteris
964 1824 1095 1896 fuit,
1156 1825 1217 1884 &
1256 1822 1423 1884 usum
1471 1823 1636 1885 suum
1666 1822 2005 1905 proportio-

269 1905 496 1974 naliter,
544 1905 688 1966 ficut
729 1922 956 1976 caetera,
1002 1905 1358 1986 producendi
1396 1925 1596 1986 capax.
1681 1904 1857 1967 Licet
1899 1903 2010 1984 igi*

271 2001 368 2045 tur
405 2006 522 2044 non
557 1987 758 2046 eadem
807 1986 1013 2066 gratiae
1058 1987 1318 2047 mensura
1355 1986 1628 2049 omnibus
1670 1986 1960 2050 tribuatur
1989 2004 2006 2043 ε

269 2065 615 2147 quibusdam
650 2067 898 2148 quinque
946 2066 1183 2139 talenta,
1229 2066 1570 2147 quibusdam
1602 2067 1742 2138 duc,
1785 2068 1848 2127 δε
1882 2065 2007 2147 qui-

187 2200 189 2202 .
273 2146 514 2228 busdam
552 2147 785 2208 unicum
836 2162 1064 2208 tantum
1098 2173 1118 2215 ;
1178 2147 1339 2229 quod
1365 2163 1558 2208 tamen
1585 2148 1795 2209 sufficit
1821 2145 2007 2209 omni-

270 2227 380 2289 bus
415 2227 713 2299 tribuitur,
757 2229 818 2287 &
855 2229 1099 2309 amplius
1135 2229 1166 2286 ‘a
1198 2228 1423 2290 nemine
1445 2226 1789 2319 postulatur,
1871 2247 2010 2288 uam

273 2309 581 2369 secundum
610 2309 769 2391 quod
815 2310 1003 2370 datur.
1090 2310 1250 2372 Nam
1289 2310 1365 2370 ab
1393 2330 1575 2381 omm,
1622 2310 1715 2371 cui
1752 2325 2010 2371 mutum
2063 2332 2065 2334 ·

273 2389 476 2450 datum
529 2390 634 2461 est,
679 2390 932 2451 multum
989 2406 1299 2471 quaeretur,
1366 2390 1516 2453 Luc,
1563 2390 1659 2452 xii.
1699 2395 1798 2467 48.
1885 2388 2009 2531 (gli

270 2470 392 2530 duo
432 2470 644 2531 talenta
674 2471 899 2542 habuit,
948 2487 1211 2553 acceptus
1253 2469 1381 2544 fuit,
1426 2471 1586 2552 quod
1604 2489 1855 2552 quatuor
1883 2490 1944 2531 re
1985 2505 2010 2517 -

271 2550 500 2623 diderit,
567 2572 687 2612 non
726 2552 912 2612 minus
951 2553 1132 2633 quhm
1169 2551 1271 2633 qui
1306 2552 1509 2614 decem
1538 2553 1798 2614 reddidit.
1885 2554 2010 2613 Ac-

275 2648 474 2712 ceptus
501 2633 676 2693 etiam
720 2631 908 2693 fuiffet
933 2635 1032 2713 qui
1060 2653 1241 2693 unum
1272 2633 1543 2705 habebat,
1591 2633 1633 2692 fi
1671 2634 1791 2695 duo
1822 2632 2010 2695 reddi-

274 2711 438 2774 diffet
470 2739 488 2779 ·,
547 2713 610 2772 &
637 2713 1051 2794 proculdubio,
1094 2713 1214 2775 duo
1249 2719 1325 2774 ex'
1356 2734 1475 2777 uno
1512 2715 1842 2795 potuissent,
1887 2733 2011 2775 non

273 2793 428 2854 secus
477 2794 655 2874 quiam
694 2794 894 2857 decem
933 2816 1005 2857 ex
1051 2795 1323 2877 quinque,
1365 2794 1428 2857 δε
1467 2812 1717 2876 quatuor
1764 2817 1836 2858 ex
1864 2796 2047 2856 du0-‘

279 2876 406 2946 bus,
453 2874 718 2954 produci.

357 2954 590 3020 XXIII.
634 2956 928 3029 TER‘rxo,
973 2956 1327 3019 salutiferum
1355 2958 1473 3019 hoc
1501 2957 1697 3020 lumen
1739 2957 2010 3036 Evange-

277 3035 420 3096 lium
448 3036 548 3109 est,
595 3037 761 3118 quod
805 3039 1127 3134 Apostolus
1154 3038 1355 3108 diserte
1384 3039 1466 3100 ait
1492 3039 1872 3120 praedicatum
1900 3037 2012 3097 effe

266 3122 325 3177 ἐν
356 3122 489 3193 πείσῃ
520 3125 580 3191 τῇ
618 3123 782 3193 nvo-u,
820 3142 875 3180 m
930 3125 1071 3182 omni
1117 3134 1388 3193 creatura,
1448 3141 1563 3202 quoe
1587 3120 1691 3198 βψ
1735 3116 1863 3179 caelo
1909 3121 2009 3189 eft,

273 3200 432 3256 etiam
473 3198 615 3258 illud
636 3204 798 3278 ipfiem
830 3202 1211 3284 Evangelium,
1255 3202 1398 3283 cujus
1435 3214 1555 3261 erat
1582 3197 1796 3260 Paulus
1826 3199 2012 3257 Mini-

2080 2985 2086 3269 Ι

262 3276 417 3353 ster.-
462 3277 680 3339 Colofl'.
724 3280 762 3340 i.
805 3301 901 3364 23.
987 3285 1150 3346 Nam
1188 3281 1551 3366 Evangelium
1589 3297 1706 3341 non
1747 3277 2013 3420 είὶάἒιὲιὲῗ
2076 3397 2086 3640 Ι
