2086 3640
232 80 322 140 De
351 77 736 156 universali&
756 78 1044 158 fhlutfi’ro
1071 79 1270 141 lumine
1292 80 1424 158 Jqsic
1452 78 1667 157 Christi.
1720 103 1743 141 1
1763 103 1832 161 19

99 185 391 256 illucescit,
435 201 504 244 ut
556 185 738 243 bonos
785 181 998 245 ferrent
1045 184 1261 244 fruetus
1310 186 1373 245 δε
1417 185 1633 245 bonurn
1683 184 1831 246 odo-

52 338 55 340 ,
100 285 227 330 rem
260 292 278 333 ·,
321 266 383 326 ὅτ
423 263 588 325 radiis
632 261 748 342 ejus
785 265 1004 324 molliri
1043 266 1106 324 &
1138 264 1389 325 calefieri
1428 264 1603 326 corda
1623 285 1828 337 eorum

30 423 34 426 .
97 349 333 426 poffint.
416 345 549 416 Sed,
614 342 656 401 fi
710 343 862 404 diem
901 345 1071 406 illum
1111 348 1406 426 praeterire
1443 345 1647 419 sinant,
1691 362 1830 413 tunc

97 427 254 488 idem
302 427 383 488 sol
417 425 671 488 obdurat
714 444 809 485 eos
838 425 981 487 ficut
1017 427 1229 498 lutum,
1274 428 1335 486 &
1372 426 1692 506 iniquitates
1728 449 1827 487 eo-

90 529 230 569 sum
260 509 443 588 magis
469 504 831 576 manifestat3
875 527 942 569 ac
988 509 1308 587 putrescere
1347 525 1520 589 atque
1563 509 1827 588 perolere

99 590 252 650 facit.
1437 614 1441 617 ·

176 669 403 731 XVIII.
448 670 779 744 DEQO,
825 669 968 730 ficut
988 670 1143 731 certe
1183 670 1245 728 &
1272 670 1408 729 vere
1463 669 1823 732 affirmamus

94 750 288 812 Deum
330 751 617 811 neminem
664 753 852 832 perire
889 752 1063 822 velle,
1109 752 1171 810 &
1211 751 1342 810 ideo
1386 750 1659 811 omnibus
1686 772 1821 830 gra-

94 832 236 893 tiam
297 833 370 895 ad
415 833 661 894 salutem
708 833 1075 894 sufficientem
1123 831 1369 892 dediffe:
1441 832 1520 890 ita
1588 831 1824 892 minime

88 933 389 994 negamu3,
452 908 593 994 quin
620 915 846 1006 speciali
906 915 1102 995 aliquo
1146 913 1328 974 modo
1371 916 1426 971 in
1481 912 1824 991 quibusdam

91 1011 405 1075 operetur3
466 995 523 1055 in
559 998 764 1076 qulbus
805 995 993 1079 gratia
1035 995 1114 1055 ita
1155 994 1458 1076 praevalet,
1523 1009 1590 1055 ut
1639 995 1826 1053 neces*

91 1075 238 1136 sario
264 1076 508 1138 salutem
555 1076 877 1150 obtineant,
922 1097 1115 1158 neque
1143 1075 1363 1157 patitur
1404 1075 1535 1133 illos
1576 1073 1829 1141 resistere

92 1155 266 1217 Deus,
351 1157 688 1219 Absurdum
728 1160 882 1219 enirn
921 1159 1031 1219 erit
1050 1157 1258 1228 dicere,
1304 1155 1461 1236 quod
1501 1174 1617 1214 non
1649 1153 1826 1234 longe

90 1238 260 1298 aliter
319 1259 458 1319 erga
499 1240 760 1300 Mariam
807 1240 1095 1322 virginem
1154 1239 1215 1298 &
1258 1239 1325 1298 B.
1366 1235 1618 1301 Paulum
1665 1234 1824 1296 Deus

88 1318 201 1383 sese
241 1319 581 1392 extenderit,
646 1321 825 1402 quam
864 1343 1003 1402 erga
1041 1321 1257 1380 multos
1300 1319 1443 1379 alios
1473 1337 1489 1374 z
1533 1337 1713 1396 neque
1742 1316 1826 1376 af-

92 1400 330 1460 firmare
365 1402 680 1480 poffumUS‚
767 1403 963 1463 Deum
1005 1403 1304 1483 aequaliter
1355 1399 1683 1479 Johannem
1716 1399 1823 1458 .di-·

89 1481 308 1541 lectum
358 1482 743 1564 Discipulum,
826 1485 888 1544 &
932 1485 1146 1563 Judam
1194 1483 1536 1544 traditorem
1594 1480 1819 1545 amasse.

87 1562 160 1623 In
199 1582 273 1622 eo
314 1578 526 1636 tamen,
570 1565 732 1645 quod
790 1585 964 1626 nemo
1025 1564 1272 1624 caruerit
1309 1564 1374 1622 ea
1416 1560 1621 1640 gratiae
1663 1581 1823 1620 men-

0 1693 1 1696 ,
88 1641 239 1714 sura,
302 1643 413 1723 qua
453 1645 664 1705 servari
703 1647 916 1724 potuit,
995 1645 1126 1724 jure
1189 1642 1594 1704 inexcusabiles
1639 1642 1768 1702 sunt
1800 1669 1821 1710 3

0 1769 2 1797 L
90 1723 156 1783 &
195 1724 351 1784 Deus
389 1725 567 1786 etiam
588 1726 646 1787 in
673 1725 787 1786 illis
835 1727 1157 1807 operandO,
1203 1725 1409 1805 quibus
1452 1724 1575 1783 haec
1615 1723 1822 1803 gratiae

90 1805 466 1885 praevalentia
513 1807 705 1878 datur,
751 1808 831 1868 ita
873 1809 926 1868 se
965 1806 1283 1876 abscondit,
1351 1806 1424 1865 ad
1467 1825 1701 1864 omnem
1743 1805 1825 1864 se-

0 1881 2 1915 }
91 1885 396 1946 curitatem
438 1888 499 1946 &
534 1888 1048 1969 praesumptionem
1088 1886 1527 1956 excludendam,
1573 1906 1691 1965 quo
1722 1885 1826 1964 ipfi

92 1967 491 2039 humiliantur,
535 1968 597 2025 &
646 1967 830 2029 libera
871 1969 985 2028 Dei
1031 1966 1218 2047 gratia
1261 1967 1690 2047 magnificatur,
1763 1966 1823 2025 &

90 2068 166 2107 ex
206 2048 467 2127 gratuito
526 2048 685 2109 dono
724 2050 925 2110 omnia
965 2064 1327 2130 reputantur,
1420 2069 1493 2107 ex
1535 2047 1614 2107 sui
1657 2047 1827 2128 ipsius

93 2128 315 2189 viribus
364 2128 554 2196 nihil;
598 2128 774 2190 etiam
795 2131 895 2211 qui
936 2147 1199 2211 pereunt,
1245 2130 1387 2189 dum
1428 2145 1698 2208 tempora
1722 2129 1824 2190 illa

90 2207 302 2270 divinae
337 2230 476 2291 erga
506 2209 638 2270 illos
684 2211 1022 2272 visitationis
1069 2209 1403 2282 meminere,
1448 2210 1657 2290 quibus
1698 2210 1826 2291 Spi-

93 2290 209 2351 ritu
275 2292 338 2350 &
386 2291 603 2352 lumine
640 2291 742 2353 suo
787 2314 921 2353 cum
963 2292 1074 2353 illis
1116 2293 1472 2373 disceptabat
1531 2292 1594 2350 &
1642 2292 1824 2352 lufta-

92 2386 186 2431 tus
224 2371 327 2443 est,
373 2388 663 2453 coguntur
699 2375 968 2435 confiteri
1013 2373 1186 2433 fuiffe
1214 2391 1463 2454 tempuS,
1547 2393 1666 2452 quo
1709 2373 1823 2433 illis

82 2449 260 2529 janua
299 2453 699 2514 misericordiae
739 2473 940 2536 aperta
987 2471 1133 2525 erat,
1197 2457 1260 2514 δε
1288 2455 1446 2534 quod
1484 2452 1635 2530 juste
1684 2475 1822 2514 con-

93 2532 456 2607 demnentur,
501 2535 774 2615 quoniam
812 2537 1052 2597 salutem
1091 2537 1251 2595 suam
1283 2529 1631 2614 rejiciebant.
1676 2535 1830 2596 Hoc>

95 2614 276 2674 modo
316 2615 379 2687 &
419 2615 803 2678 misericordia
843 2619 904 2676 δε
952 2616 1164 2692 iustitia
1233 2617 1345 2675 Dei
1406 2614 1770 2682 stabiliuntur
1796 2642 1816 2683 3

95 2693 160 2758 ὃς
198 2695 461 2758 voluntas
498 2697 561 2757 δε
597 2698 746 2756 vires
799 2698 1048 2758 hominis
1095 2694 1461 2775 abjiciuntur,
1507 2698 1569 2756 &
1628 2696 1820 2778 depri-

97 2790 350 2845 muntur.
436 2777 858 2838 Condemnatio
913 2778 1029 2856 ejus
1080 2797 1151 2837 ex
1180 2778 1233 2836 se
1273 2778 1394 2856 ipso
1437 2778 1529 2846 fit,
1574 2777 1633 2836 &
1673 2777 1819 2838 salus

95 2853 289 2914 solum
328 2877 399 2917 ex
439 2857 570 2917 Deo
604 2859 844 2937 pendet.
929 2858 1108 2919 Hisce
1168 2858 1341 2918 etiam
1404 2858 1621 2937 pofitiS,
1687 2860 1817 2919 duae

95 2935 371 2997 maximae
411 2937 780 3017 objectiones,
824 2961 955 3020 quae
996 2939 1199 3019 saepitis
1247 2956 1453 3000 contra
1493 2940 1637 3000 hanc
1679 2940 1819 3000 doc-

95 3014 312 3077 trinam
351 3018 695 3092 afferuntur,
740 3020 962 3101 optime
1000 3020 1316 3081 solvuntur.

111 3158 114 3160 ,
175 3095 507 3172 OBJnC'rlo
558 3100 746 3179 prima
785 3123 855 3163 ex
896 3101 1010 3161 istis
1050 3102 1357 3180 Scripturae
1399 3100 1540 3161 locis
1585 3101 1815 3162 deduci-
1896 3108 1908 3121 ”

89 3191 209 3249 tur,
250 3181 457 3261 quibus
514 3181 673 3244 Deus
718 3182 945 3324 videtui
986 3182 1217 3265 praecise
1256 3178 1564 3256 destinasse,
1623 3183 1816 3244 decre-

113 3311 120 3316 .
984 3285 1026 3339 4
1223 3336 1227 3340 .
1682 3265 1820 3331 viffe
