2086 3640
397 95 487 154 De
509 89 788 168 Mmstris
836 86 909 149 δεῖ
947 84 1258 163 Pastoribus
1293 82 1559 161 Ecclefiae.
1730 101 1855 157 251

117 221 275 288 quam
314 199 652 276 administrat
686 196 853 256 Deus.
937 191 1075 252 Inde
1103 207 1282 271 patet,
1327 189 1510 269 quod,
1555 186 1654 268 qui
1684 187 1863 248 mini-

49 292 51 294 ’
118 289 319 355 strant,
365 281 424 341 id
451 280 699 340 debeant
716 277 901 337 facere
920 273 1226 333 secundum
1263 273 1486 332 donum
1515 269 1578 329 δε
1604 268 1864 349 gratiam

27 379 29 381 ’
119 381 455 445 acceptam,
485 360 582 427 sed
619 359 716 440 qui
744 354 934 439 gratia
981 370 1198 425 carent,
1245 352 1567 414 ministrare
1589 371 1706 410 non
1730 352 1866 432 pos-

120 447 249 507 sunt
295 442 603 505 secundum
652 439 817 510 illud,
879 435 1040 517 quod
1087 458 1202 495 non
1252 435 1485 495 habent.
1570 433 1862 506 Secundo,

106 530 250 607 ficut
291 527 409 587 boni
447 522 808 603 dispensatores
835 518 1172 598 multiformis
1199 518 1308 576 Dei
1328 518 1545 597 gratioe,
1589 514 1686 574 sed
1715 535 1867 595 quo*—

64 643 68 646 »
124 607 304 668 rnodo
331 605 519 686 potest
547 602 750 684 aliquis
778 601 929 681 illius
950 601 1135 660 bonus
1162 596 1508 677 dispensator
1536 596 1668 665 effe,
1701 595 1869 675 quod

123 709 240 747 non
276 686 495 746 habet?
543 681 971 764 Numposs'unt
1005 678 1174 759 impii
1205 678 1483 747 homines,
1529 677 1630 755 qui
1657 676 1872 757 gratiae

122 784 387 848 expertes
434 768 583 836 sunt,
664 764 775 824 Dei
820 759 1027 845 gratiae
1078 759 1219 822 boni
1256 759 1663 840 dispensatores
1703 758 1867 818 effe?

125 849 370 928 ideoque
416 845 772 927 sequentibus
797 843 1055 904 verfibus
1082 839 1434 903 exclufivam
1463 840 1875 900 limitationem

128 950 333 989 eorum
370 929 552 1000 addit,
597 926 696 1006 qui
724 926 800 986 fic
836 946 955 986 non
995 925 1146 996 sunt,
1191 923 1404 994 dicem,
1435 924 1506 1000 st
1540 925 1655 1001 quis
1704 921 1874 1002 loqui-

126 1024 240 1081 tur,
286 1010 399 1072 ὅτε.
454 1013 511 1089 st
563 1012 679 1090 quis
721 1010 1010 1086 ministrat,
1074 1005 1424 1085 quodvidem
1471 1003 1647 1073 valet,
1713 1000 1875 1081 quafi

130 1092 374 1163 dixisset,
418 1092 518 1171 qui
559 1093 639 1151 ita
684 1088 869 1168 loqui,
906 1088 975 1145 ’δε
1016 1085 1095 1146 ita
1123 1085 1446 1145 ministrare
1474 1104 1590 1143 non
1618 1083 1874 1163 possunt,

134 1173 298 1233 filere
326 1174 558 1234 debent.
644 1172 775 1251 [Si]
820 1168 1033 1228 etenim
1083 1167 1448 1227 neceffariam
1485 1163 1878 1224 conditionem

132 1254 392 1318 denotat.
479 1257 771 1336 Qaenam
794 1266 990 1310 autern
1012 1247 1082 1308 fit
1109 1249 1235 1309 haec
1263 1248 1467 1319 virtuS,
1512 1246 1693 1306 verba
1722 1264 1877 1325 prae-

130 1334 383 1396 cedentia
410 1333 727 1403 declarant,
772 1331 1004 1401 scilicet,
1048 1329 1276 1389 donum
1305 1344 1611 1408 acceptum
1652 1328 1714 1387 &
1741 1346 1878 1407 gra·

133 1416 232 1486 tia,
279 1414 435 1492 cujus
455 1416 582 1477 sunt
602 1412 1032 1493 dispensatoreS,
1080 1410 1226 1471 ficut
1253 1431 1323 1470 ex
1350 1425 1624 1469 contextu
1649 1408 1887 1469 abunde.

135 1513 411 1576 apparet:
475 1515 659 1575 neque
706 1494 778 1563 de
816 1494 1033 1554 virtute
1074 1491 1266 1571 aliqua
1306 1491 1464 1550 mere
1501 1490 1750 1550 naturali
1793 1489 1878 1548 in-

116 1577 330 1660 )elligi'
355 1577 542 1656 potest
571 1601 590 1641 3
635 1574 743 1634 hac
770 1575 938 1637 ‚enim
978 1574 1158 1632 homo
1180 1572 1390 1632 dicitur
1428 1570 1742 1651 spiritualia
1772 1570 1882 1631 mi-

138 1659 294 1718 nime
332 1657 671 1735 Intelligere,
716 1655 779 1713 δε
807 1655 883 1713 fic
919 1653 1039 1713 aliis
1075 1673 1141 1712 ea
1165 1652 1487 1713 ministrare
1525 1652 1740 1733 nequit.
1784 1653 1882 1712 Se-

139 1739 370 1819 quentia
410 1738 586 1797 etiam
614 1736 726 1795 hoc
764 1735 1094 1806 ostendunt,
1139 1734 1431 1805 videlicet,
1477 1748 1537 1794 ut
1564 1735 1620 1794 in
1641 1735 1878 1794 omnibus

140 1821 510 1896 honorificetur
532 1821 702 1889 Deus,
745 1817 840 1876 sed
887 1817 1040 1875 certe
1078 1817 1233 1875 Deus
1276 1835 1392 1876 non
1439 1815 1883 1885 honorificatur,

141 1902 237 1962 sed
279 1903 311 1961 ὲ
361 1901 558 1959 contra
606 1897 960 1979 magnopere
996 1897 1329 1957 vilificatur·
1366 1897 1431 1958 &
1474 1896 1878 1966 dedecoratur,

140 1983 373 2063 quando
407 1981 517 2041 viri
556 1980 843 2040 naturales
888 1977 1043 2039 mera
1082 1979 1365 2058 potestate
1405 1978 1654 2039 naturali
1697 1977 1754 2036 in
1794 1996 1884 2036 res

142 2063 360 2123 divinas
399 2063 454 2126 se
479 2061 803 2134 intrudunt,
846 2081 984 2141 quas
1033 2080 1137 2119 nec
1179 2059 1538 2140 cognoscunt
1581 2079 1686 2119 nec
1713 2058 1883 2120 intel·

143 2145 351 2226 ligunt.

228 2229 546 2308 QARTQ.
633 2222 882 2304 gratiam
952 2224 1131 2303 quam
1188 2221 1555 2283 necessariam
1620 2220 1884 2282 ministro

149 2307 643 2389 qualificationem
704 2306 833 2376 effe,
915 2321 1158 2386 apparet
1208 2325 1278 2366 ex
1349 2304 1413 2364 iis
1481 2303 1882 2386 qualitatibnS,

149 2409 289 2469 quas
331 2388 585 2468 expreffe
619 2387 674 2446 in
705 2387 814 2447 illis
838 2388 1093 2468 postulat
1126 2385 1472 2468 Apostolu3‚
1555 2408 1578 2446 1
1611 2385 1776 2443 Tim.
1803 2384 1885 2444 iii.

154 2489 210 2530 2.
233 2469 381 2530 Tit.
406 2471 440 2528 i.
471 2469 584 2528 ὅτε.
628 2469 732 2530 ubi
760 2468 860 2540 ait,
927 2483 1125 2547 oportet
1166 2471 1452 2548 episcopum
1501 2466 1893 2543 irreprehenfi«

149 2551 316 2614 bilem,
348 2551 459 2631 cff’,
488 2551 752 2629 sobrium,
786 2551 1062 2629 pudicum,
1128 2552 1408 2619 dottorem‚
1455 2550 1750 2628 benignum,
1784 2551 1884 2630 ju-

136 2633 302 2709 stum,
360 2634 626 2710 sanctum,
687 2636 1043 2703 continentem,
1109 2633 1249 2708 ficut
1291 2633 1400 2690 Dei
1440 2631 1881 2708 Dispensatorem.

148 2712 242 2772 Ex
274 2713 450 2785 altera
490 2728 683 2773 autem
728 2730 911 2793 parte,
958 2734 1048 2773 nec
1068 2714 1373 2791 superbum,
1420 2732 1509 2772 nec
1538 2709 1874 2782 iracundum«,

155 2815 247 2853 nec
281 2795 625 2864 vinolentum,
670 2815 762 2853 nec
800 2798 971 2872 turpis
1005 2794 1142 2852 lucri
1174 2793 1432 2872 cupidum.
1521 2795 1745 2876 Qaero
1782 2815 1883 2852 au-

162 2892 300 2943 tem,
347 2897 487 2934 num
526 2895 643 2933 non
682 2875 751 2934 fit
791 2875 1159 2955 impossibile,
1222 2875 1377 2955 poffe
1419 2874 1714 2933 hominem
1764 2875 1884 2934 vir-

160 2971 310 3014 tutes
333 2977 425 3014 eas
454 2976 653 3015 omnes
674 2955 904 3026 habere,
976 2955 1038 3014 &
1065 2955 1218 3015 vitiis
1240 2955 1352 3015 istis
1375 2957 1643 3016 omnibus
1669 2977 1885 3026 carere,

161 3035 275 3094 fine
319 3035 507 3115 grati&⁴
562 3035 716 3095 Dei?
803 3036 862 3095 Si
920 3055 1115 3098 autem
1156 3057 1240 3096 eae
1277 3036 1538 3107 virtuteS,
1624 3037 1698 3096 ad
1742 3058 1885 3117 quas.

160 3120 218 3176 in
256 3117 487 3177 homine
520 3117 911 3199 producendas
954 3118 1141 3199 gratia
1183 3118 1422 3178 omnino
1451 3118 1747 3178 necefliiria
1777 3119 1878 3189 est,

162 3197 272 3263 fint
316 3199 634 3263 necessariae
693 3198 763 3261 ad
820 3198 1072 3282 aliquem
1113 3220 1317 3262 verum
1368 3198 1672 3280 Evangelii
1715 3199 1887 3261 mini--

1700 3282 1882 3344 strum
