2086 3640
173 80 182 84 “
206 74 309 137 ‘De
333 71 648 136 Salutation.
681 71 1010 133 Recreation.
1041 70 1191 153 idque
1208 92 1368 152 genus
1394 71 1533 132 aliis.
1656 78 1730 150 48
1749 98 1772 139 1

49 247 52 249 Α
140 184 311 244 XIV.
356 184 643 242 TAMEN
687 182 822 262 quia*
858 182 1136 253 nonnulli,
1198 181 1432 252 forsitan
1482 200 1552 239 ex
1594 186 1781 260 incogi-

27 266 258 335 santia,
303 266 364 323 &
407 265 463 324 vi
496 264 861 343 consuetudinis
905 283 971 321 ac
1011 263 1307 322 traditionis
1331 261 1626 331 ¹fascinati,
1673 263 1784 319 hoc

59 363 420 425 praeceptum
470 345 681 404 Christi
721 343 1229 422 transgrediuntur,
1297 343 1543 403 breviter
1599 342 1783 401 osten-

60 423 217 496 dam,
264 425 619 505 quantopere
657 424 1035 484 contrarietur
1065 424 1284 484 bellum
1315 425 1444 482 huic
1466 440 1782 504 praecept0‚

60 506 120 564 &
157 508 317 586 qu'od
371 507 620 567 alterum
681 526 814 564 cum
850 505 1037 563 altero
1080 503 1377 563 confistere
1420 526 1533 565 non
1586 506 1784 585 poffit,

61 608 130 646 ac
171 587 591 668 consequenter,
658 585 852 646 bellum
908 606 1234 664 nequaquam
1294 586 1388 669 ff
1442 586 1642 645 licitum
1695 588 1783 654 iis,

63 672 153 748 qui
189 669 421 747 discipuli
467 669 669 744 Christi
702 667 802 746 effe
845 665 1048 730 volunt.
1133 669 1322 727 Primo
1353 667 1502 727 enim
1529 664 1788 726 Christus

65 751 353 829 praecipit,
399 763 459 810 ut
493 749 769 829 diligamus
805 750 1074 813 inimic053
1129 764 1190 808 at
1232 748 1452 808 bellum
1484 749 1514 807 ἐ
1557 765 1788 808 contra-

63 831 152 889 rio
207 831 436 891 eosdem
495 831 632 891 odio
688 830 748 887 ὅτ
808 827 1175 887 internecioni
1223 829 1472 910 exponit,
1555 826 1787 889 Secundo

64 913 383 989 Apostolus
431 912 530 982 ait,
575 910 732 991 quod
779 932 879 970 non
900 910 1179 988 st‘cundum
1228 933 1438 970 carnem
1477 911 1783 978 militamus,

62 992 122 1050 &
160 993 318 1072 quod
373 1015 471 1052 non
508 995 578 1069 est
625 993 765 1051 nobis
818 990 1110 1050 collubiatio
1153 993 1402 1072 adversus
1454 1015 1665 1052 carnem
1716 992 1786 1052 {9³

46 1074 354 1155 sanguinem
376 1097 394 1131 .·
436 1074 594 1153 atqui
636 1073 857 1132 bellum
886 1072 1187 1130 externum
1216 1073 1294 1131 est
1336 1074 1643 1133 secundum
1668 1094 1791 1131 car-

64 1175 220 1225 nem,
265 1156 326 1213 &
353 1154 613 1226 adversus
657 1173 883 1213 carnem
932 1153 991 1211 &
1019 1152 1370 1231 sanguinem,
1418 1154 1490 1213 ad
1529 1156 1677 1214 hunc
1707 1151 1789 1210 ef-

24 1284 26 1286 .
62 1235 437 1307 fundendum,
484 1233 733 1295 &illam
773 1233 1143 1314 perdendam.
1225 1236 1424 1307 Tertio,
1457 1235 1588 1314 quia
1618 1237 1790 1314 Apo-

63 1316 240 1376 stolus
268 1316 427 1386 dicit,
473 1316 628 1396 quod
658 1337 815 1375 arma
843 1315 1051 1374 militia>
1088 1316 1272 1394 nostroe
1299 1339 1399 1376 non
1424 1319 1550 1394 sunt
1595 1334 1790 1376 carna-

65 1397 145 1456 lia
173 1420 192 1455 .-
258 1417 289 1456 2
332 1399 466 1458 Cor.
517 1419 575 1463 x.
614 1418 672 1472 4.
726 1397 822 1456 sed
867 1417 1028 1456 arma
1078 1397 1296 1457 militiae
1337 1416 1609 1472 ,externae
1665 1396 1793 1456 sunt

63 1478 334 1551 carnalia,
378 1479 560 1538 veluti
615 1479 848 1548 lanceae,
896 1478 1260 1549 bombardae,
1304 1479 1596 1559 sclopetae,
1671 1496 1792 1538 tor-

66 1576 281 1630 menta,
327 1559 507 1640 gladii
537 1559 823 1639 chalybei,
871 1560 983 1622 &a
1028 1580 1277 1638 quorum
1314 1562 1470 1620 nulla
1509 1559 1679 1638 plane
1722 1560 1794 1619 fit

67 1642 286 1701 mentio
328 1642 383 1699 in
415 1643 704 1700 armatur&
735 1641 764 1697 Ξι
800 1640 984 1700 Paulo
1014 1639 1305 1720 descriptfi.
1392 1642 1630 1721 Qarto,
1660 1642 1794 1721 quia

67 1724 322 1801 Jacobus
350 1722 606 1792 testatur,
654 1721 796 1781 bella
833 1722 902 1783 Β
954 1721 1068 1782 lites
1103 1726 1391 1799 provenire
1436 1745 1499 1783 ex
1539 1723 1795 1802 concupis-

65 1807 264 1875 centiis,
330 1827 447 1885 quoe
489 1805 723 1863 militant
765 1805 818 1862 in
867 1804 1108 1863 membris
1154 1806 1418 1872 hominum
1446 1805 1745 1864 carnalium
1774 1826 1795 1862 .·

65 1888 189 1964 JaC.
222 1886 298 1943 iv.
341 1889 460 1944 ver.
493 1907 541 1944 1.
589 1884 813 1943 Gal.-v.
849 1902 943 1958 24.
1028 1884 1140 1942 Sed
1171 1885 1496 1962 Christiani,
1543 1887 1653 1945 hoc
1691 1883 1792 1956 est,

66 1967 127 2036 ii,
174 1966 272 2046 qui
307 1966 443 2025 vere
490 1967 620 2024 sunt
665 1965 856 2035 Γαηὲὶί,
923 1985 1153 2024 carnem
1194 1966 1349 2025 suam
1387 1967 1799 2026 ‘crucifixerunt

63 2068 202 2106 cum
229 2046 382 2106 vitiis
428 2046 489 2104 &
540 2044 1035 2125 concupiscentiis:
1099 2046 1266 2126 Ergo
1309 2068 1423 2106 non
1463 2049 1693 2126 poffunt
1734 2047 1800 2105 iis

67 2127 365 2207 indulgere
399 2126 816 2206 belligerandO.
903 2124 1128 2207 Qinto,
1173 2129 1304 2206 quia
1345 2129 1657 2207 Prophetae
1698 2129 1798 2205 Je-

54 2209 206 2289 saias
265 2210 326 2268 &
376 2209 576 2268 Micah
634 2207 889 2287 expresse
955 2208 1397 2288 prophetarunt,
1461 2209 1571 2288 Jes.
1624 2211 1681 2269 ii.
1739 2233 1798 2284 4.

73 2289 263 2350 Mich.
316 2289 391 2348 iv.
430 2310 551 2348 ver.
597 2309 654 2366 3.
697 2288 857 2367 quod
887 2294 941 2349 in
984 2302 1151 2348 monte
1191 2290 1368 2348 domzls
1416 2292 1525 2350 Dei
1562 2291 1802 2364 Christus

53 2370 324 2454 judicabit
364 2383 561 2450 gentes,
624 2380 682 2433 81
727 2369 884 2447 quod
934 2369 1065 2428 hinc
1099 2369 1300 2449 gladios
1336 2374 1452 2447 suos
1509 2373 1805 2451 conflabunt

74 2457 151 2512 in
179 2471 431 2522 vomeres,
477 2450 588 2508 &c.
633 2448 693 2507 &
721 2448 938 2529 antiqui
982 2451 1179 2510 Patres
1226 2452 1487 2531 priorum
1519 2454 1695 2511 trium
1724 2453 1807 2511 se-

0 2528 1 2531 '
75 2532 340 2592 culorum
383 2531 412 2588 ὲ
467 2529 696 2589 Christo
725 2546 862 2589 nato
890 2530 1208 2590 statuerunt
1251 2534 1347 2591 has
1373 2535 1679 2610 prophetias
1707 2537 1807 2592 im-

12 2639 13 2642 *
67 2614 245 2693 pletas
286 2612 451 2691 effein
491 2611 807 2689 Christianis
827 2612 1045 2690 sitorum
1082 2624 1366 2689 temporum
1391 2616 1424 2671 τὶ
1457 2614 1809 2694 belligerando

0 2701 2 2766 ξ
81 2694 418 2767 alieniffimis,
465 2691 576 2771 quit
615 2691 687 2750 de
717 2711 776 2749 re
814 2692 1000 2751 videri
1032 2694 1222 2773 potest
1254 2694 1502 2771 Justinus
1544 2696 1804 2776 Martyr,

83 2773 499 2843 TertullianuS,
545 2773 607 2831 &
646 2771 774 2831 alii:
820 2772 979 2852 quod
1018 2774 1230 2832 nemini
1259 2775 1474 2835 mirum
1511 2775 1691 2834 videri
1711 2777 1839 2835 de·-

0 2844 1 2867 ἶ
82 2855 205 2926 bet,
253 2853 529 2934 fiquidem
581 2852 753 2914 Philo
799 2854 1034 2931 Judaeus
1075 2854 1414 2914 sufficienter
1455 2857 1692 2916 testatur
1739 2858 1812 2917 de

84 2932 323 3006 EffeniS,
369 2933 662 3007 Neminem,
686 2937 825 2994 inter
859 2955 939 2994 eos
980 2937 1250 2995 inventum
1276 2937 1437 3016 fuiſje
1482 2939 1570 3018 qui
1617 2939 1811 3014 instru-

0 3017 1 3032 ’
85 3029 263 3078 menta
318 3015 585 3075 militaria
634 3015 915 3089 conficeret.
1002 3019 1093 3082 At
1137 3017 1354 3096 quanto
1404 3018 1585 3097 magis
1642 3019 1813 3096 Jesus

85 3098 263 3167 venit,
309 3107 370 3156 ut
391 3097 513 3174 fisos
552 3096 587 3154 ὰ
638 3095 985 3178 belligerando
1028 3097 1372 3174 abstraheret,
1418 3112 1572 3178 atque
1608 3099 1683 3157 ad
1707 3117 1816 3177 pa-

85 3182 326 3240 tientiam
375 3179 443 3239 &
494 3177 804 3236 charitatem
832 3178 1141 3255 perduceret
1171 3180 1203 3235 ?
1265 3181 1440 3249 Sexto,
1506 3179 1637 3258 quia
1669 3180 1817 3240 Pro-

91 3260 267 3340 pheta
317 3256 607 3339 praedixit,
656 3257 768 3335 Jes.
790 3257 906 3321 lxv.
953 3277 1047 3334 25,
1092 3258 1245 3337 quod
1277 3280 1376 3319 non
1398 3261 1640 3320 nocebunt
1661 3280 1820 3340 neque

89 3341 316 3405 occident
361 3342 415 3403 in
449 3342 587 3404 omni
627 3351 795 3405 monte
817 3339 1004 3421 sauc'to
1018 3340 1301 3479 IDomini:
1344 3340 1458 3402 Sed
1478 3340 1699 3403 bellum
1722 3362 1820 3399 ex-

1090 3438 1110 3480 ι
1593 3436 1822 3480 ternum
