2086 3640
859 57 950 117 De
991 52 1168 116 Cultu.
1742 71 1860 133 307

122 166 182 228 in
221 165 327 228 1110
373 164 668 246 loquatur,
734 163 797 224 δε
841 166 1063 226 bonum
1111 165 1298 222 semen
1345 176 1610 241 exurgat.
1694 162 1860 231 HOC,

26 322 28 324 v
119 248 258 307 licet
295 247 550 307 naturali»
582 247 801 308 homini
850 247 1085 317 durum,
1131 244 1274 304 adeo
1315 259 1511 303 tamen
1558 241 1761 302 rationi
1804 244 1865 303 &

121 328 491 408 experientiae
530 327 776 405 naturali
815 328 1257 388 consentaneum
1300 324 1379 384 est
1427 325 1481 384 in
1513 326 1677 384 rebus
1718 324 1863 394 aliis,

124 426 191 469 ut
219 410 419 489 negari
462 423 722 489 nequeat.
806 408 905 487 qui
946 407 976 465 a
1024 407 1299 487 magistro
1343 406 1637 466 docendus
1684 404 1863 474 venit,

125 489 167 548 fi
208 491 550 570 magistrum
586 488 782 549 audire
824 501 882 553 Sc
925 491 1000 549 ab
1040 489 1146 546 illo
1177 487 1373 547 instrui
1415 486 1702 568 expectat,
1748 507 1865 544 non

121 587 362 651 oportet
397 571 620 649 semper
667 567 826 648 loqui
863 569 934 627 de
979 591 1063 639 re,
1112 589 1287 647 quam
1322 569 1628 647 disciturus
1655 568 1758 638 est,
1804 579 1867 631 δί

118 672 418 730 nunquam
470 651 653 721 filere,
699 650 980 728 alioquin,
1042 649 1276 728 quando
1313 649 1545 710 dabitur
1579 649 1864 729 magistro

126 731 288 791 locus
330 731 498 791 illum
549 730 918 792 instituendi?
983 729 1103 790 imo
1132 729 1267 790 licet
1309 730 1616 810 discipulus
1645 731 1718 789 ad
1746 728 1865 790 edi-

119 811 382 872 scendam
432 812 724 873 scientiam
770 810 1188 872 ardentiffimus
1230 811 1386 881 effet,
1435 827 1628 871 tamen
1652 811 1865 870 merito

122 893 495 973 redargueret
534 894 703 954 illum
746 909 1095 974 praeceptor,
1141 892 1300 972 quasi
1341 892 1651 953 indocilem
1698 892 1759 950 &
1788 892 1864 950 ir·-

117 973 474 1053 regularem,
542 974 584 1034 s1
610 975 724 1035 sem
768 994 831 1034 er
857 996 928 1035 ex
970 973 1147 1054 seipso
1175 974 1415 1053 loquens
1460 973 1523 1031 &
1565 993 1759 1053 agenS,
1803 973 1867 1032 &

119 1075 238 1114 non
286 1055 570 1134 patienter
613 1057 670 1115 in
739 1055 938 1125 ilentio
983 1054 1323 1134 magistrum
1362 1055 1505 1114 velit
1545 1054 1862 1125 attendere,

121 1157 371 1216 eumque
421 1137 756 1216 loquentem
801 1137 1234 1204 &docentem
1285 1135 1500 1204 audire,
1568 1155 1748 1214 neque
1800 1155 1866 1193 os

119 1217 364 1295 aperire,
411 1218 595 1277 donec
642 1217 672 1275 a
727 1218 1007 1299 magistro
1048 1217 1401 1297 approbatus
1441 1217 1501 1274 δε
1540 1214 1719 1294 juffus
1774 1214 1861 1273 fu÷

119 1297 247 1356 erit.
332 1297 426 1357 Sic
447 1296 644 1368 etiam,
691 1297 730 1356 fi
771 1299 894 1380 quis
924 1317 1205 1380 magnum
1243 1298 1495 1377 aliquem
1530 1297 1863 1376 Principem

116 1378 410 1438 attendere
437 1379 637 1450 vellet,
683 1379 1053 1460 impertinens
1081 1378 1398 1439 admodum
1441 1380 1501 1437 &
1533 1379 1863 1458 imprudens

117 1459 310 1520 servus
348 1460 653 1532 diceretur,
699 1462 820 1541 qui,
865 1463 1007 1522 dum
1037 1461 1320 1540 patienter
1349 1461 1409 1518 &
1440 1463 1638 1539 parate
1678 1475 1863 1518 atten-

119 1540 255 1600 dere
283 1542 511 1613 debeat,
557 1558 625 1602 ut
661 1544 837 1623 Regi,
885 1542 1115 1624 quando
1147 1542 1501 1619 loqueretur,
1557 1541 1878 1620 responde-⁸

119 1637 229 1691 ret,
291 1633 351 1687 ὃ(
379 1623 556 1682 etiam
593 1623 869 1702 diligente
912 1624 1088 1683 oculo
1128 1621 1408 1681 motiones
1456 1621 1573 1700 ejus
1612 1623 1706 1683 vel
1755 1622 1863 1681 mi-

123 1701 309 1762 nimas
355 1701 746 1766 inclinationes
772 1705 1098 1775 observare,
1145 1719 1212 1762 ut
1237 1701 1408 1781 juxta
1441 1703 1675 1773 faceret,
1720 1703 1865 1761 sem-

122 1803 227 1862 per
277 1783 537 1863 Principi
573 1783 661 1843 ill-i
709 1786 1065 1864 loqueretur,
1091 1821 1096 1826 -
1125 1784 1187 1842 &
1236 1803 1396 1843 aures
1437 1783 1554 1862 ejus
1584 1784 1863 1844 contInuo

121 1864 311 1924 verbis
352 1865 415 1923 δε
451 1865 802 1946 loquacitate
843 1867 959 1939 sua,
1006 1866 1140 1926 licet
1181 1864 1236 1923 in
1290 1865 1568 1944 Principis
1608 1866 1863 1934 laudem,

120 1946 491 2015 obtunderet,
564 1947 655 2006 vel
705 1948 929 2027 semper
980 1946 1093 2005 fine
1129 1943 1300 2024 juflh,
1376 1963 1475 2005 aut
1530 1946 1866 2026 particulari

122 2027 422 2096 mandate,
469 2027 600 2095 hinc
639 2028 702 2086 &
743 2028 900 2088 illinc
941 2043 1291 2097 excurreret,
1337 2027 1493 2097 licet,
1542 2048 1674 2105 quae
1716 2027 1865 2086 face-

116 2122 229 2177 ret,
275 2107 333 2166 in
381 2107 436 2166 se
480 2110 631 2168 bona
659 2110 854 2181 effent,
921 2109 1017 2169 vel
1056 2108 1178 2172 aliis
1215 2109 1341 2169 ⁴alio
1391 2124 1656 2188 tempore
1703 2130 1865 2168 man-

120 2187 256 2247 data
275 2214 301 2256 .·,
362 2207 512 2263 num·
549 2189 838 2271 Principes
873 2191 1040 2270 hujus
1087 2188 1260 2264 seculi
1308 2188 1447 2249 tales
1492 2191 1703 2261 serVOS,
1769 2189 1863 2248 vel

119 2269 239 2329 tale
284 2267 660 2331 ministerium
701 2272 1115 2352 acceptarent?
1164 2271 1319 2330 Cum
1356 2271 1535 2350 igitur
1552 2270 1866 2349 jubeamur

125 2348 450 2417 Dominum
490 2350 796 2432 diligenter
837 2354 1148 2422 attendere,
1211 2350 1498 2431 illumque
1539 2355 1862 2433 expeftare,

124 2429 187 2487 ὅτ
234 2430 291 2490 in
343 2430 418 2491 fic
457 2434 686 2512 agendo
735 2435 1040 2495 renovatio
1075 2431 1290 2498 virium
1333 2434 1734 2512 promittatur,
1782 2451 1867 2492 at-

125 2512 306 2571 tentio
345 2513 471 2574 haec'
511 2515 772 2593 praestari
815 2535 931 2575 non
961 2515 1148 2595 potest
1187 2515 1302 2575 fine
1319 2515 1578 2584 mentio,
1625 2530 1725 2573 aut
1755 2515 1868 2574 ces-

124 2590 337 2654 satione
393 2595 571 2673 partis
610 2597 886 2658 naturalis
922 2618 998 2657 ex
1051 2590 1260 2674 nostrai⁸
1285 2612 1470 2675 parte,
1534 2599 1670 2654 cum
1711 2596 1868 2654 Deus

125 2693 244 2731 non
272 2674 327 2732 se
376 2675 699 2737 manifestet
742 2687 865 2737 ‘tam
906 2678 1175 2738 exteriori
1200 2678 1424 2735 homini
1461 2692 1561 2736 aut
1599 2675 1867 2748 senfibu3‚

129 2753 316 2830 quam.
350 2754 629 2827 interiori,
674 2757 894 2818 animae·
929 2758 1140 2818 scilicet
1179 2759 1240 2816 &
1288 2756 1551 2837 spiritui3
1598 2757 1638 2815 s1
1680 2757 1873 2817 anima

128 2833 352 2913 semper
397 2835 620 2916 cogitet
665 2838 728 2897 δε
776 2855 1051 2917 operetur
1088 2839 1142 2896 in
1185 2839 1280 2897 sua
1328 2839 1647 2910 voluntate,
1693 2839 1752 2896 &
1791 2840 1899 2898 [ετ--

129 2913 274 2973 dulo
317 2932 650 2977 exerceatur
698 2918 755 2977 in
805 2918 1315 2998 imaginationibus
1363 2919 1492 2988 suis,
1541 2920 1692 2989 licet,
1742 2941 1873 3000 quae

133 2995 379 3075 cogitat,
429 2996 485 3055 in
532 2996 586 3056 se
638 3000 791 3061 bona
835 2999 942 3059 sint
987 2999 1048 3057 &
1088 3000 1161 3059 de
1199 3001 1355 3071 De0,
1404 3001 1515 3060 illis
1555 3017 1747 3060 tamen
1787 3003 1871 3073 in-w

134 3097 321 3156 capax
374 3077 446 3136 fit
485 3077 828 3157 discernendi
881 3099 1090 3140 vocem
1129 3080 1289 3141 illam
1340 3087 1567 3141 tenuem
1604 3082 1869 3162 SpirituS,

135 3157 198 3215 &
236 3156 311 3217 fic
361 3157 466 3219 fibi
505 3161 859 3240 magnopere
898 3177 1088 3232 nocet,
1133 3163 1266 3242 quia
1314 3164 1674 3243 praecipuum
1711 3163 1876 3223 suum

139 3239 442 3319 negotium
493 3240 822 3303 attendendi
856 3243 1102 3325 negligit
1135 3268 1153 3309 ;
1213 3244 1368 3324 quasi
1405 3246 1609 3305 vsedulo
1655 3247 1714 3306 ὅτ
1746 3245 1877 3312 soli-

1050 3326 1108 3383 X
1157 3343 1187 3382 2

1767 3325 1878 3384 cite:-
