2086 3640
56 164 101 182 &⁷1

424 63 514 125 De
553 61 769 123 interno
812 61 882 124 ἐξ
925 60 1233 121 immediatd
1274 58 1611 121 revelatione.
1809 78 1832 118 1
1852 78 1876 118 1

219 167 327 227 IV.
373 167 603 240 Nomi,
635 182 830 226 tamen
860 165 956 224 hic
987 165 1254 246 intelligi,
1314 165 1470 247 quafi
1509 162 1722 224 vellem
1753 183 1883 224 om-

135 268 232 308 nes
259 268 356 307 eos
384 248 524 308 alios
554 247 758 309 modos
802 246 1071 306 secundos
1102 247 1323 306 homini
1352 248 1444 306 vel
1474 247 1651 306 etiam
1680 245 1884 306 sanctis

0 315 1 318 Ἴ
89 338 92 342 ’
138 330 352 390 nullius
378 329 486 389 effe
518 329 681 390 usus:
715 327 893 407 longe
939 327 968 384 ἐι
1004 349 1096 387 me
1126 329 1283 389 abest
1313 329 1442 388 talis
1469 327 1691 407 opiniO,
1724 343 1791 386 ut
1818 327 1879 387 in

66 425 71 428 ’
132 412 396 491 sequente
437 409 508 469 de
537 409 833 491 Scriptura
864 407 1043 467 Thefi
1078 409 1397 488 apparebit.
1483 410 1628 469 Non
1673 407 1768 468 hic
1795 409 1882 468 est

134 492 374 572 quaestio
422 491 493 551 de
540 512 632 562 e0‚
680 489 841 571 quod
876 489 1017 550 utile
1067 491 1169 560 est,
1222 491 1315 549 sed
1343 492 1413 550 de
1442 512 1535 562 e0,
1592 489 1751 572 quod
1794 491 1877 550 est

132 573 370 632 omnino
399 571 809 638 neceffarium·‚
869 571 1055 631 multa
1084 570 1402 631 conducere
1431 572 1664 650 poffunt
1692 572 1764 632 ad
1793 570 1878 632 fa-

130 654 468 714 cilitandum
511 674 680 735 opuS‚
755 652 916 734 quod
971 673 1089 713 non
1145 653 1512 734 praecipuum
1567 653 1713 713 illud
1766 653 1878 729 est,

172 757 248 795 uo
281 735 401 796 fiat.

130 756 169 816 q
212 817 318 877 Ex
361 816 526 876 dic-stis
549 818 674 878 haec
702 819 924 878 summa
947 817 1049 887 est,
1095 814 1277 897 quod,
1322 816 1423 876 ubi
1445 835 1583 875 vera
1611 816 1672 874 δε
1702 819 1876 876 inter-

128 920 200 957 na
231 899 342 959 Dei
374 895 602 959 scientia
639 899 719 959 est
753 919 856 979 per
890 898 1302 959 revelationem
1324 898 1592 977 Spiritus,
1626 897 1706 958 ibi
1735 897 1876 957 nihil

125 979 280 1039 deest
321 980 515 1060 quoad
551 982 938 1041 neceffitatem
983 979 1326 1040 absolutam.
1414 979 1524 1038 Sed
1581 979 1681 1038 ubi
1726 979 1876 1038 altis-

125 1060 269 1121 fima
326 1062 393 1120 &
441 1061 882 1143 profundiffima
925 1061 1154 1122 scientia
1196 1060 1279 1120 est
1336 1060 1545 1139 absque
1601 1059 1730 1130 hac,
1796 1060 1877 1120 ibi

125 1142 269 1208 nihil
297 1143 401 1215 est,
446 1144 607 1223 quod
647 1144 899 1224 attingat
941 1163 1225 1223 magnum
1260 1142 1430 1203 illum
1455 1141 1632 1200 finem
1661 1141 1870 1200 salutis

123 1225 285 1283 Haec
348 1225 558 1285 veritas
610 1225 915 1286 clariffime
990 1226 1375 1284 confirmatur
1438 1223 1634 1303 priore
1699 1222 1872 1301 ipsius

123 1305 380 1366 Theseos
402 1323 588 1386 parte,
633 1329 767 1388 quae
800 1306 997 1388 paucis
1038 1306 1228 1367 verbis
1277 1306 1568 1365 luculenta
1603 1304 1874 1384 quaedam

122 1404 468 1468 argumenta
514 1389 791 1462 continet,
836 1409 968 1468 quae
990 1388 1245 1448 breviter
1280 1387 1627 1447 subsumam.

285 1552 515 1647 Prinne,
579 1552 743 1634 Qod
780 1551 938 1638 nulla
983 1555 1199 1634 cognitio
1250 1553 1443 1612 Patris
1463 1555 1564 1629 stt,
1632 1551 1737 1628 mfi
1767 1568 1875 1629 per

285 1634 582 1811 Sefdiidg·
640 1716 805 1798 Qod
847 1714 1003 1776 nulla
1042 1718 1124 1791 stt
1162 1717 1375 1797 cognitio
1426 1713 1577 1785 Filii,
1623 1716 1723 1793 nist
1766 1732 1871 1792 per

283 1798 732 1975 ngsst’tttgyod
765 1881 968 1957 Spiritu
1013 1843 1174 1937 Dem-
1187 1872 1514 1956 semetipsum
1542 1879 1753 1955 semper
1782 1899 1865 1937 re-

282 1960 753 2124 Qvgrlilngod
793 2043 872 2102 hee
916 2040 1262 2102 revelationes
1289 2040 1530 2122 formale
1549 2042 1868 2100 Santiornm

345 2124 484 2197 fidei
511 2128 782 2208 Objetium
811 2127 1057 2203 fuerunt.

278 2202 362 2264 Et
393 2206 723 2278 Postremo,
772 2206 935 2287 Qod
957 2206 1090 2267 idem
1119 2205 1291 2267 adhuc
1328 2217 1564 2267 remanet
1593 2206 1867 2287 Objet‘inm

343 2287 485 2362 fidei
515 2291 847 2351 Santi'orum.

197 2447 290 2509 De
317 2471 668 2535 unoquoque
697 2453 912 2514 horum
941 2453 1212 2533 quaedarn
1240 2452 1493 2514 breviter
1541 2450 1755 2521 dicam,
1802 2450 1864 2508 δε

117 2545 253 2591 tunc
290 2533 364 2592 ad
393 2536 751 2614 postremam
779 2536 1034 2595 Theseos
1079 2551 1308 2616 partem
1337 2533 1696 2613 progrediar.

197 2613 274 2672 V·
321 2617 514 2699 QOD
555 2617 631 2676 ad
673 2617 933 2698 primum
979 2617 1206 2688 attinet,
1251 2614 1483 2693 nempe,
1527 2615 1666 2694 quod
1704 2612 1863 2673 nullo:

100 2695 182 2770 fit
211 2700 425 2776 cognitio
455 2700 670 2770 Patris,
736 2700 833 2775 nist
865 2714 970 2775 per
998 2698 1219 2768 Filium,
1281 2696 1339 2754 id
1383 2694 1551 2755 facile
1584 2695 1859 2777 'probabi—

117 2791 236 2845 tur,
299 2779 460 2857 quod
492 2779 675 2859 planis
711 2779 1031 2858 Scripturae
1078 2778 1268 2838 verbis
1311 2776 1552 2848 nitatur,
1614 2777 1859 2855 ideoque

110 2872 321 2936 aptum
350 2861 608 2921 medium
644 2860 749 2932 est,
792 2880 864 2919 ex
891 2879 1010 2940 quo
1047 2876 1280 2921 caeteras
1300 2858 1722 2940 propositiones
1759 2859 1859 2917 de-

112 2937 406 3001 ducemus,

197 3021 367 3082 NAM
412 3022 669 3083 infinitus
705 3023 802 3084 ille
834 3022 895 3082 δι
922 3023 1355 3105 sapientiffimus
1384 3023 1563 3095 DeUS,
1608 3023 1708 3104 qui
1729 3017 1857 3083 fons

110 3100 178 3160 &
206 3102 369 3163 radix
410 3103 472 3163 δε
516 3104 705 3165 omnis
741 3106 1090 3186 operationis
1131 3107 1304 3187 origo
1341 3106 1445 3177 est,
1491 3107 1686 3165 omnia
1715 3127 1853 3186 ope-

115 3199 271 3245 ratus
307 3185 389 3245 est
427 3202 647 3246 aeterno
679 3187 781 3247 suo
814 3189 996 3250 verbo
1033 3188 1095 3248 &
1132 3189 1302 3250 Filio.
1389 3190 1533 3248 Hoc
1553 3187 1698 3247 illud
1724 3208 1853 3246 ver-

117 3262 260 3328 bum
289 3266 392 3342 est,
436 3268 597 3350 quod
635 3268 800 3334 initio
827 3269 1143 3357 erat-apud
1163 3270 1380 3347 Deum,
1424 3270 1487 3331 &
1531 3270 1646 3355 ipse
1694 3270 1853 3330 Deus

1700 3365 1847 3421 erat,
