2086 3640
280 86 400 158 284
579 73 1057 141 THESIS
1136 78 1694 146 DECIMA.

275 190 371 249 sua
413 186 773 257 milliaribuS,
838 186 1186 247 incarcerata
1229 189 1333 246 est:
1414 189 1694 273 Qinimo
1748 190 1807 251 vi
1843 212 1991 274 quo-

274 269 517 329 rundam
585 268 736 326 bona
785 266 859 326 ad
899 270 1234 348 centuplum
1289 270 1453 348 super
1500 270 1852 333 decimarum
1890 295 1993 333 va-

270 352 455 410 lorem
523 346 833 428 diripueoe,
905 358 963 412 &
1018 369 1132 409 non
1177 370 1494 429 paucorum
1543 351 1649 410 hac
1697 352 1860 412 causa
1907 354 1992 412 in-

273 443 488 490 nocuus
526 429 750 507 sanguis
778 427 983 488 effusus
1023 429 1126 501 est,
1172 430 1269 509 qui
1310 430 1525 490 foetidis
1550 431 1610 490 ac
1630 433 1841 511 putidis
1868 453 1995 493 car-

273 512 499 571 ceribus
560 508 780 568 mortui
828 509 976 581 sunt,
1021 510 1082 568 &
1123 510 1464 571 clericorum
1506 513 1869 591 quorundam
1910 528 1997 572 ta-

275 593 345 654 lis
400 591 507 650 fuit
566 590 768 662 rabie3‚
834 606 920 662 ut,
983 611 1096 650 non
1161 592 1316 651 bona
1362 592 1686 673 diripiendo
1721 592 1995 662 contenti,

272 672 382 753 ipfi
421 670 612 730 furiofi
658 670 917 732 manibus
964 672 1071 732 suis
1116 671 1441 733 innocentes
1501 673 1754 734 homines
1791 676 1996 735 verbe-

274 753 477 823 tarint,
523 753 900 813 concusserint
937 753 999 811 δε
1035 754 1409 825 vulnerarint,
1454 754 1586 835 quia
1628 754 1684 814 in
1739 775 1842 816 ora
1895 775 1993 814 eo-

278 855 410 895 rum
442 854 674 914 ponere,
720 834 1072 894 conscientiae
1114 835 1298 906 causa,
1343 856 1458 896 non
1500 847 1830 915 potuerunt.

359 916 466 975 Ad
511 935 707 974 omnes
747 914 923 995 igitur
986 916 1090 976 hos
1145 917 1344 976 abusus
1393 915 1768 978 removendos
1806 915 1868 974 δε
1910 936 1999 975 re-

278 996 639 1068 formandOS,
704 996 916 1056 neceffe
963 997 1089 1067 erit,
1162 996 1598 1057 fundamentum
1644 996 1707 1055 δε
1747 996 1998 1056 occafio-

277 1099 410 1137 nem
460 1098 780 1148 removere,
821 1077 1031 1157 nempe
1079 1098 1314 1137 omnem
1362 1078 1694 1148 limitatam,
1740 1077 2000 1137 coactam

278 1159 342 1216 &
384 1175 599 1218 certam
640 1158 1582 1238 sustentationem&stipendium:
1624 1159 1708 1231 &‚
1753 1160 1889 1218 curn
1911 1177 1999 1216 re-

282 1240 433 1299 ditus
484 1238 567 1297 illi
615 1239 758 1298 olim
797 1239 827 1296 a
881 1240 1105 1320 populo
1147 1239 1268 1300 dati
1309 1240 1438 1311 fint‚
1511 1257 1577 1301 ut
1609 1239 1667 1299 in
1703 1238 2004 1319 publicam

283 1341 496 1399 gazam
539 1337 920 1391 revertantur,
966 1341 1083 1399 quo
1129 1321 1301 1400 pacto
1338 1322 1588 1402 populus
1637 1320 1830 1381 multis
1852 1321 2004 1400 pub-

285 1401 407 1460 licis
434 1400 739 1480 quaestibus
784 1401 845 1458 &
882 1401 1261 1480 vectigalibus
1300 1403 1596 1462 exonerari
1638 1402 1827 1482 poffit.
1877 1400 2003 1487 Qi

283 1497 480 1541 autem
499 1497 713 1539 vocant
738 1481 990 1559 aliquem
1011 1483 1086 1540 ad
1105 1480 1556 1560 praedicandum,
1598 1481 1661 1540 &
1682 1480 1786 1542 fibi
1804 1481 2008 1540 docto-

291 1582 379 1621 res
406 1561 850 1620 &instructores
889 1562 1196 1632 affumunt,
1242 1563 1417 1621 etiam
1457 1583 1552 1621 eos
1600 1561 1904 1621 sustentent
1943 1560 2007 1618 δε

285 1643 461 1702 alant.
547 1642 729 1724 Qod
766 1642 840 1702 ad
885 1663 1004 1713 eOS,
1089 1663 1231 1723 quos
1289 1643 1446 1702 Deus
1483 1658 1658 1707 vocat
1701 1642 1762 1700 &
1809 1657 2011 1702 movet

287 1724 365 1784 ad
407 1744 443 1782 o
486 1744 548 1782 us
598 1722 887 1783 ministerii
934 1723 1150 1804 Spiritu
1186 1724 1307 1794 su0,
1351 1723 1449 1804 qui
1487 1722 1768 1803 recipiunt
1786 1742 1901 1793 eoS‚
1946 1722 2009 1780 δε

289 1745 581 1864 πιίῐιίίξεῑίἰ
647 1824 849 1864 eorum
900 1806 1119 1865 bonum
1174 1804 1439 1877 sentiunt,
1486 1802 1871 1886 proculdubio
1899 1823 2011 1883 pro

290 1885 356 1946 iis
399 1887 683 1946 curabunt
725 1884 889 1964 quod
946 1886 1158 1947 necesse
1206 1885 1271 1944 iis
1314 1886 1442 1958 erit,
1488 1906 1670 1968 neque
1706 1885 1836 1966 lege
1864 1903 2010 1964 opus
2084 1886 2086 1890 ’

291 1966 404 2025 erit
436 1966 508 2024 ad
548 1967 870 2044 cogendam
920 1987 1028 2046 pro
1075 1968 1138 2026 iis
1179 1968 1502 2027 mercedem
1528 1993 1547 2032 ·‚
1618 1965 1716 2045 qui
1745 1965 1904 2026 'enim
1951 1985 2011 2023 e-
2084 2007 2086 2009 .

294 2046 477 2106 mittit
517 2046 669 2117 illos,
716 2046 1066 2126 providebit,
1131 2049 1191 2106 &
1232 2046 1317 2105 illi
1355 2047 1530 2108 etiam
1576 2046 1796 2107 victum
1838 2047 1901 2105 δε
1948 2066 2009 2104 a·

294 2127 537 2188 mictum
574 2127 839 2186 habentes
883 2128 1134 2187 contenti
1171 2143 1354 2187 erunt.

375 2207 670 2267 XXXIII.
714 2207 1076 2267 Dxc'ronum
1121 2208 1298 2287 igitur
1333 2209 1456 2268 haec
1495 2208 1716 2267 summa
1742 2206 1840 2266 est.
1885 2209 2012 2266 Mi·
2066 2249 2076 2272 ·.

298 2290 567 2366 nzsterium
588 2288 743 2360 illud,
788 2289 925 2369 quod
941 2311 1027 2349 nos
1048 2290 1383 2369 defendimus,
1428 2302 1636 2350 tuemur
1660 2289 1730 2351 ἐρ’
1746 2287 2011 2358 volumus,

287 2387 395 2449 per
439 2373 613 2430 omnia
652 2371 830 2443 simile
870 2370 964 2450 cffi’
1018 2372 1296 2447 ministerio
1348 2371 1712 2448 Apostolorum
1771 2368 1842 2430 {9²
1887 2371 2010 2446 pri-

298 2455 505 2512 mitivae
546 2449 774 2528 ecclcssoe.
859 2451 1022 2532 Qod
1058 2466 1229 2512 autem
1277 2453 1555 2531 defendunt
1598 2451 1667 2513 δέ
1709 2452 1794 2510 cui
1819 2463 2011 2528 patro·

300 2537 552 2593 cinantur
586 2531 902 2612 adversarii,
958 2549 1062 2611 per
1099 2536 1274 2592 omnia
1306 2533 1485 2610 stmile
1531 2533 1626 2612 ‘ff’
1657 2531 1822 2610 faffls
1870 2532 2010 2590 Pro-

258 2623 260 2626 '
292 2616 468 2694 phetis
509 2613 578 2675 δέ’
621 2605 929 2685 docloribus,
975 2636 1094 2694 quos
1141 2614 1446 2676 condemnat
1487 2615 1786 2693 Scriptura,
1855 2610 2015 2692 quod

306 2695 556 2755 breviter
601 2695 711 2753 hoc
749 2696 930 2754 modo
971 2694 1240 2754 illustrari
1282 2697 1472 2775 poffit.

396 2799 445 2836 1.
491 2775 1168 2836 MINISTERIUM
1207 2777 1275 2838 &
1320 2777 1566 2853 ministri,
1637 2795 1757 2855 quos
1803 2795 1891 2836 nos
1929 2773 2016 2833 de-

291 2857 581 2936 fendimus,
646 2859 700 2917 in
735 2861 1089 2936 patrocinium
1116 2858 1417 2935 suscipimus
1459 2857 1528 2920 {9³
1576 2856 1839 2925 volumus,
1881 2853 2019 2914 tales-

294 2941 439 3017 sunt,
486 2941 576 3017 qui
623 2943 798 3000 vocati
839 2939 909 3000 δέ
957 2938 1136 2997 divino
1183 2941 1388 3015 Spiritu
1441 2937 1571 3012 miffi
1613 2938 1740 3017 fiant
1786 2934 1860 2995 ad
1892 2949 2016 3010 opus

307 3021 600 3095 ministerii,
686 3020 879 3099 quales
918 3017 1146 3077 fuerunt
1203 3019 1347 3079 olim
1390 3019 1563 3078 sanCti
1601 3016 1907 3096 Prophetae
1955 3011 2018 3070 δε

312 3099 607 3176 Apostoli,
667 3116 733 3159 ut
768 3100 988 3159 constat
1023 3120 1094 3159 ex
1122 3100 1380 3163 omnium
1405 3099 1822 3179 Prophetarum
1843 3092 2015 3172 scrip·

312 3178 406 3249 tis,
458 3180 677 3242 Matth.
720 3202 776 3242 x.
837 3203 888 3254 1,
941 3198 998 3257 5.
1082 3179 1236 3263 Eph.·
1276 3181 1351 3243 iv.
1397 3203 1489 3242 11.
1574 3177 1734 3249 Heb.
1775 3193 1831 3231 v.
1874 3195 1933 3248 4.

1762 3356 1811 3397 ι.
1849 3333 2021 3393 SED
