2086 3640
201 92 318 136 202
527 74 1591 141 THESISOCTAVA.

193 181 475 242 damnare
510 180 741 251 volunt,
803 181 1010 260 quibus
1051 199 1341 261 nunquam
1384 181 1702 263 afl‘equendi
1741 188 1929 252 virtu-

195 280 315 323 tem
345 259 530 320 media
560 261 843 321 tribuerit.
929 261 1042 322 Sed
1083 261 1196 322 hoc
1225 262 1411 323 adhuc
1447 265 1638 325 multo
1667 266 1824 350 pejus
1855 272 1920 331 δε

196 340 489 403 absurdius
537 342 639 412 est,
684 342 976 403 affirmare
1022 341 1235 403 scilicet
1290 344 1483 403 Deum
1511 365 1627 406 non
1670 349 1923 413 tribuere

194 422 387 482 electis
414 421 523 482 suis
562 427 732 503 (quos
771 423 1022 484 fatentur
1063 425 1233 486 illum
1283 432 1500 504 amare)
1541 427 1754 500 media,
1798 432 1925 510 qui-

193 508 300 564 bus
328 504 379 562 ei
408 504 557 564 recte
585 504 791 565 servire
829 509 1057 590 poffint.
1143 505 1307 590 Qid
1334 506 1513 586 igitur
1538 528 1609 568 ex
1637 508 1761 569 tarn
1793 532 1929 593 pro-

191 584 409 664 digiosa
447 585 707 645 doctrina
743 586 1033 668 sequitur?
1080 589 1238 648 Haec
1269 587 1325 647 in
1346 588 1545 648 sanetis
1570 588 1653 649 im
1695 591 1930 651 erfectio

196 667 290 727 vel
321 666 350 723 a
386 666 517 726 Deo
548 667 649 739 est,
693 667 788 729 vel
816 690 887 730 ex
932 669 1063 751 ipfis
1081 670 1295 729 sanetis„
1377 668 1436 728 Si
1464 672 1540 732 ab
1570 671 1632 750 ip
1656 692 1702 731 1s
1728 673 1930 733 sanctis

199 747 292 818 fit,
340 747 470 807 inde
514 749 603 819 fit,
651 750 810 830 quod
836 770 951 813 non
980 767 1222 812 utuntur
1253 750 1540 830 potestate
1567 751 1782 835 aliqua,
1813 754 1929 834 qua

193 830 411 910 poffint
449 830 709 902 obedire,
772 831 835 890 &
863 849 1000 893 tunc
1027 833 1291 913 poffibile
1317 833 1418 904 est,
1463 832 1572 910 (uti
1599 834 1795 894 revera
1845 835 1929 894 est

198 910 416 970 virtute
454 911 567 971 Dei
606 913 713 972 suis
755 913 998 994 tributa)
1036 915 1132 974 sed
1158 914 1271 975 hoc
1291 914 1501 975 nolunt
1527 914 1927 995 antagonistae,

196 991 440 1071 ideoque
477 1013 592 1053 non
634 995 904 1074 culpandi
938 995 1087 1068 sunt,
1152 995 1313 1075 quod
1359 995 1418 1055 in
1454 996 1705 1077 peccatis
1746 1016 1932 1056 rema·

199 1090 358 1143 nent,
405 1073 447 1131 fi
490 1073 838 1154 impoffibile
889 1075 959 1136 fit
1006 1077 1082 1137 eis
1112 1077 1280 1138 aliter
1308 1077 1434 1136 effe.
1516 1077 1575 1138 Si
1624 1092 1820 1137 autem
1860 1096 1933 1138 ex

200 1153 331 1233 ipfis
362 1176 477 1214 non
515 1156 638 1227 fiat,
684 1159 988 1218 necefi'ario
1026 1179 1097 1218 ex
1139 1159 1270 1218 Deo
1311 1159 1412 1229 est,
1470 1159 1570 1240 qui
1617 1177 1734 1218 non
1773 1157 1934 1219 dedit

199 1237 280 1295 eis
307 1234 491 1295 *illam
534 1237 740 1316 gratiae
789 1239 1134 1312 mensuram,
1181 1240 1297 1321 qua.
1342 1238 1373 1296 a
1416 1255 1657 1321 peccato
1693 1237 1936 1320 purgari

198 1317 262 1375 Sc
305 1317 575 1376 mandata
614 1318 731 1396 ejus
773 1321 1047 1398 praestare
1090 1320 1403 1401 potuerint,
1468 1321 1530 1380 δε
1569 1340 1643 1381 an
1680 1320 1792 1381 hoc
1819 1339 1936 1379 non

197 1398 279 1457 est
335 1398 654 1462 maximam
696 1399 1024 1478 injustitiam
1056 1403 1185 1463 Deo
1214 1404 1551 1473 attribuere,
1594 1401 1832 1482 perinde
1867 1420 1938 1460 ae

200 1479 245 1537 fi
283 1479 390 1538 suis
431 1498 670 1560 peccare
717 1480 1092 1553 interdixerit,
1138 1484 1388 1562 gratiam
1416 1499 1634 1554 autem,
1677 1482 1790 1561 qua
1818 1502 1938 1542 non

195 1575 523 1641 peccarent,
566 1579 683 1622 non
711 1561 997 1622 tribuerit.
1081 1564 1228 1624 Hoc
1279 1563 1460 1623 modo
1503 1563 1663 1625 Deus
1707 1563 1785 1621 ini
1827 1563 1937 1643 uiss-

203 1641 355 1700 fimis
394 1639 726 1702 hominibus
772 1641 1032 1720 injustior
1072 1643 1162 1715 fit,
1234 1648 1344 1724 qui,
1410 1649 1476 1703 ut
1522 1642 1604 1703 ait
1653 1584 1934 1713 Chricslffls,

185 1725 243 1801 fi
276 1722 395 1797 filii
424 1725 723 1800 petiverint
747 1739 967 1801 panem,
1013 1746 1115 1785 non
1138 1731 1413 1806 porrigent
1458 1724 1728 1801 lapidem:
1773 1737 1869 1786 aut
1878 1726 1937 1801 st

192 1807 404 1883 pistem,
450 1825 553 1863 non
564 1807 838 1886 porrigent
849 1807 1159 1883 serpentem.
1242 1807 1355 1867 Sed
1376 1805 1436 1865 hi
1476 1804 1751 1876 fatentur,
1779 1805 1940 1886 quod

202 1900 485 1964 oporteat
541 1904 645 1945 nos
700 1901 896 1965 petere
942 1888 973 1946 a
1021 1887 1151 1949 Deo
1194 1887 1560 1967 potestatem,
1602 1901 1671 1945 ut
1716 1888 1750 1945 a
1800 1905 1937 1967 pec·

196 1965 334 2026 cato
390 1965 726 2036 liberemur,
809 1967 872 2025 δε
926 1983 1121 2028 tamen
1168 1969 1344 2029 talem
1388 1966 1732 2048 potestatem
1790 1987 1937 2027 nun-

192 2064 372 2127 quam
401 2046 815 2126 expec'tandam
852 2048 976 2106 effe.
1064 2049 1242 2109 Tales
1288 2048 1467 2129 igitur
1493 2066 1690 2129 preces
1724 2048 1782 2108 in
1819 2047 1937 2108 fide

198 2127 437 2188 minime
483 2128 712 2206 pofl'unt
763 2129 892 2199 effe,
962 2127 1059 2188 sed
1101 2129 1290 2190 inanes
1334 2130 1482 2187 sunt.
1568 2126 1781 2188 Nonne
1822 2128 1937 2188 hoc

196 2210 379 2269 modo
427 2209 583 2269 Deus
643 2229 765 2270 non
806 2210 994 2269 minus
1030 2208 1262 2288 injustus
1299 2209 1372 2270 fit
1416 2208 1544 2279 suis,
1609 2227 1786 2287 quam
1821 2206 1936 2273 fuit

164 2290 344 2351 olim
396 2290 666 2350 Pharaoh
707 2291 932 2371 populo
969 2290 1304 2362 Israelitico,
1352 2290 1452 2370 qui
1480 2290 1685 2358 lateres
1708 2302 1713 2307 '
1734 2290 1934 2371 postu-

194 2372 359 2443 lavit,
405 2371 654 2430 stramen
700 2389 896 2432 autem
953 2392 1070 2431 non
1111 2372 1283 2433 dedit.
1367 2371 1478 2431 Sed
1524 2370 1714 2450 gratia
1773 2372 1928 2443 De0,

90 2487 94 2491 >
194 2473 312 2513 non
348 2452 428 2512 ita
464 2451 587 2534 agit
634 2473 769 2515 cum
796 2453 881 2525 iis,
926 2453 1026 2533 qui
1072 2454 1267 2514 revera
1310 2453 1615 2512 confidunt
1653 2451 1711 2511 in
1740 2452 1928 2523 illum,

197 2533 342 2593 ficut
383 2532 470 2592 isti
533 2531 1162 2614 vanesimaginantur:
1225 2533 1452 2596 Fideles
1498 2533 1635 2594 vere
1687 2531 1935 2595 sentiunt:

199 2615 453 2694 gratiam
495 2610 607 2674 Dei
646 2614 904 2674 sufficere
933 2615 1016 2686 iis,
1061 2616 1123 2675 ὅτ
1151 2615 1308 2696 quod
1357 2615 1416 2675 vi
1460 2615 1523 2674 &
1561 2613 1777 2676 virtute
1816 2614 1934 2695 ejus

206 2696 432 2756 malum
481 2695 747 2775 superare
783 2696 1033 2775 poffunt.

281 2778 357 2837 V.
402 2777 693 2837 TERTIO.
778 2776 1060 2849 Dostrina
1098 2775 1200 2838 ista
1219 2774 1440 2837 summe
1462 2771 1727 2855 injuriosa
1767 2776 1848 2837 est
1877 2776 1934 2839 in

197 2858 391 2936 Jesum
444 2857 756 2928 Christum,
820 2858 884 2916 &
919 2859 1276 2939 magnopere
1315 2858 1567 2938 derogat
1610 2857 1813 2918 virtuti
1849 2860 1937 2918 ia-

200 2939 401 2998 crificii
441 2937 577 3015 ejuS,
622 2939 684 2997 &
719 2938 1032 3003 adventum
1074 2960 1141 3002 ac
1190 2937 1562 2999 ministerium
1610 2937 1751 3018 ejuS,
1792 2957 1937 3017 quo-

200 3019 276 3077 ad
316 3021 681 3099 praecipuum
724 3022 921 3091 finem,
988 3020 1299 3080 inefficacia
1340 3019 1494 3081 facit.
1579 3019 1833 3080 Christus
1873 3038 1933 3076 e·-

198 3097 321 3158 n‘im
375 3100 665 3179 praecipue
714 3101 771 3160 in
823 3101 976 3160 hunc
1032 3100 1639 3162 finem‘manifestatus
1683 3098 1801 3168 est,
1867 3114 1937 3158 ut

198 3195 504 3257 peccatum
554 3198 897 3252 removeret,
943 3182 1006 3241 &
1039 3198 1275 3261 gentem
1293 3181 1509 3261 justam
1552 3179 1658 3239 fibi
1689 3197 1935 3258 congre-

195 3274 383 3338 garet,
427 3260 524 3340 qui
560 3261 692 3325 Deo
733 3259 1152 3346 famularentur
1203 3263 1265 3324 in
1309 3260 1486 3325 animi
1520 3258 1787 3343 puritate,
1832 3278 1932 3318 co-

1805 3357 1932 3401 ram
