2086 3640
373 31 464 108 De
502 45 716 106 internd
758 43 828 106 ἔθ’
871 43 1179 104 immediatd
1218 47 1554 108 revelatione.
1773 64 1845 126 15

109 155 275 226 serat,
319 173 437 213 non
516 151 629 210 osse
658 150 993 231 quempiam
1033 149 1323 212 affirmare
1351 153 1546 232 Jesum
1583 151 1691 211 effe
1718 151 1845 212 Do-

110 235 336 296 minum
379 234 452 293 ab
477 253 588 313 que
614 232 849 324 Spiritu.
936 231 1101 292 Hinc
1142 231 1311 293 facile
1352 233 1669 325 colligitur,
1714 235 1843 313 Spi-

39 368 42 372 .
111 317 341 376 rituales
370 313 678 393 Evangelii
704 313 972 372 veritates
991 314 1097 371 effe
1121 315 1278 393 quafi
1309 313 1659 375 mendacia
1643 335 1702 373 ιιι
1742 334 1846 374 ore

18 455 22 458 Α
107 397 489 477 profanorum
533 395 596 452 &
639 394 956 455 carnalium
986 394 1539 462 hominum31icet
1581 394 1736 455 enim
1783 395 1843 456 in

107 477 415 559 semetipsis
442 496 598 536 verae
641 474 771 546 fint,
816 475 881 534 iis
926 490 1121 534 tamen
1156 497 1274 536 non
1304 477 1433 537 sunt
1460 497 1637 548 verae,
1682 478 1852 556 quod

106 559 338 630 scilicet,
383 578 487 618 nec
523 555 898 616 manifestatae
931 554 1080 628 sunt,
1145 578 1250 616 nec
1299 556 1695 637 pronunciatae
1739 577 1845 638 per

106 639 253 698 illud
296 639 656 731 principium
677 637 738 696 &
782 636 1084 728 Spiritum,
1131 658 1249 717 quo
1293 639 1515 698 animus
1544 638 1716 718 dirigi
1744 639 1845 699 de-

107 721 271 780 beret
297 722 358 779 &
388 720 612 780 moveri
641 741 698 779 ιιι
743 718 953 779 talibus
982 719 1169 778 rebus,
1256 718 1425 778 Nihil
1472 720 1628 779 aliud
1663 721 1844 799 igitur

103 801 254 873 sunt,
279 802 426 862 nifi
411 800 749 893 lmaginaria
770 798 1196 880 repraesentatio
1219 819 1414 858 rerum
1437 801 1491 862 in
1524 800 1841 872 comoedia,

104 903 209 942 nec
230 884 419 942 verius
453 881 818 961 dicipofl'unt
843 881 1103 962 cognitio
1132 880 1245 941 Dei
1272 880 1363 939 vel
1396 881 1630 953 Christi,
1661 903 1842 962 quam

103 965 232 1023 aeta
278 961 601 1024 Alexandri
662 962 725 1021 &
793 931 958 1042 Julii
985 962 1244 1033 CaesariS,
1311 982 1448 1022 cum
1503 962 1562 1021 in
1611 963 1846 1023 theatro

101 1045 468 1116 exhibentur,
513 1045 727 1134 poffint
776 1044 947 1104 realia
986 1043 1049 1101 &
1084 1064 1222 1102 vera
1258 1062 1463 1102 eorum
1495 1045 1622 1102 acta
1651 1045 1842 1103 nomi

103 1127 250 1198 nari,
298 1127 414 1186 slve
452 1126 523 1184 de
568 1124 934 1186 histrionibus
971 1125 1083 1186 illis
1120 1124 1234 1184 dici
1271 1124 1509 1215 poterit,
1556 1124 1715 1215 quod
1752 1144 1839 1184 re-

102 1227 235 1266 vera
270 1207 477 1268 Afiam
503 1205 934 1286 subjugaverint
960 1206 1054 1266 vel
1078 1204 1428 1286 Pompeium
1456 1204 1718 1265 vicerint.
1836 1267 1841 1273 ,

183 1289 353 1347 HAEc
397 1290 578 1369 igitur
616 1287 828 1347 Christi
865 1287 1148 1380 cognitio,
1192 1308 1325 1368 quae
1368 1307 1486 1346 non
1516 1287 1587 1345 fit
1615 1306 1724 1378 per
1754 1307 1843 1347 re-

103 1368 452 1430 velationem
487 1370 732 1449 Spiritus
769 1367 886 1448 ejus
926 1369 982 1428 in
1027 1368 1223 1440 corde,
1296 1389 1414 1428 non
1471 1369 1656 1447 magis
1705 1389 1841 1447 pro-

99 1449 228 1530 prie
268 1452 531 1533 cognitio
573 1450 787 1511 Christi
829 1450 1203 1511 existimanda
1254 1451 1357 1521 est,
1423 1470 1601 1530 quam
1639 1450 1844 1529 loqua-

100 1533 241 1591 citas
269 1533 520 1612 pfittaci,
569 1534 747 1593 verba
774 1553 982 1613 pauca,
1028 1552 1162 1612 quae
1190 1531 1410 1602 didicit,
1454 1532 1844 1610 pronuncian-

99 1612 194 1683 tis,
237 1635 358 1674 vox
387 1615 640 1674 humana
665 1613 905 1673 dicenda
931 1613 1066 1679 est3
1111 1614 1276 1673 Nam
1306 1611 1452 1672 ficut
1483 1611 1580 1671 illa
1609 1612 1702 1671 vel
1731 1612 1842 1673 alia

97 1693 221 1753 avis
241 1694 467 1766 edocta,
495 1694 837 1754 rationalem
860 1692 1192 1754 sententiam
1217 1693 1598 1773 pronunciare
1626 1693 1842 1785 potest,

99 1795 218 1834 non
261 1775 292 1833 a
326 1776 465 1835 reali
509 1774 709 1866 aliquo
746 1775 981 1836 rationis
1028 1774 1316 1854 principio
1352 1775 1514 1835 illam
1553 1776 1846 1835 animante

101 1853 182 1915 ita
231 1857 393 1938 loqui
437 1878 452 1915 :
523 1855 618 1915 Sic
659 1856 758 1915 illa
803 1856 1035 1916 scientia
1096 1875 1292 1915 rerum
1348 1855 1678 1915 divinarum
1736 1856 1840 1927 est,

98 1957 278 2016 quam
335 1936 610 1998 naturalis
652 1953 756 1997 aut
786 1936 1027 1996 carnalis
1072 1936 1254 1996 homo
1300 1936 1541 2029 collegit
1586 1936 1617 1996 ἐ
1653 1938 1847 1996 verbis

99 2018 404 2099 &scriptis
448 2019 754 2078 hominum
802 2017 1248 2098 Spiritualium:
1321 2018 1406 2078 illi
1434 2018 1675 2078 mmime
1707 2039 1847 2078 vera.

100 2099 251 2171 sunt,
297 2099 458 2181 quod
493 2100 743 2164 naturali
790 2099 1010 2180 Spiritu
1060 2115 1363 2198 concepta,
1425 2099 1531 2161 &
1517 2100 1846 2191 improprio

99 2200 328 2276 organo
374 2181 662 2261 producta
699 2181 830 2253 sint,
876 2201 994 2241 non
1034 2197 1233 2242 autem
1272 2203 1301 2239 a
1344 2181 1643 2262 Spirituali
1686 2201 1847 2261 prm-

98 2265 302 2341 cip103
347 2262 492 2324 ficut
517 2263 697 2346 verba
740 2263 987 2322 hominis
1016 2279 1139 2322 arte
1166 2263 1465 2357 acquisita,
1517 2263 1578 2321 δε
1600 2282 1701 2322 ore
1722 2263 1846 2323 avis

102 2344 505 2424 pronunciata,
565 2365 683 2404 non
727 2365 757 2401 a
809 2344 1074 2404 rationali
1113 2344 1402 2436 principio
1449 2343 1844 2424 procedentia,

103 2445 221 2484 non
248 2446 386 2486 vera
411 2427 562 2498 sunt,
614 2424 808 2505 quoad
835 2446 1004 2485 avem
1025 2427 1526 2505 pronunciantem.
1613 2425 1707 2484 Ex
1736 2425 1847 2484 hac

103 2505 284 2585 igitur
319 2505 615 2587 Scriptura
661 2506 773 2568 hoc
816 2506 1028 2567 addam
1071 2523 1506 2598 argumentum.
1572 2504 1629 2564 Si
1673 2526 1845 2565 nemo

102 2589 280 2666 possit
326 2590 515 2649 dicere
561 2588 755 2666 Jesum
785 2588 892 2647 effe
924 2587 1252 2647 Dominum
1289 2587 1392 2647 nisi
1424 2607 1530 2669 per
1561 2586 1845 2666 Spiritum

104 2669 404 2742 Sanstnm,
466 2685 605 2729 tunc
648 2689 823 2730 nemo
870 2669 1058 2750 potest
1103 2681 1448 2749 cognoicere
1496 2668 1692 2747 Jesum
1737 2669 1845 2727 effe

108 2747 436 2811 Dominum
461 2750 564 2810 nis1
593 2770 695 2831 per
712 2749 995 2830 Spiritum
1023 2751 1318 2810 Sanitum.
1402 2751 1515 2810 Sed
1535 2770 1744 2810 verum
1764 2749 1852 2809 est.

105 2830 287 2910 priuS,
317 2832 501 2911 Ergo
526 2832 590 2890 &
610 2831 905 2911 posterius,

191 2911 326 2970 VII.
371 2914 643 2972 TERTIO
683 2913 1041 2973 affirmatum
1070 2912 1171 2985 est,
1216 2912 1353 2995 quod
1373 2915 1524 2974 Deus
1552 2915 1715 2992 semet
1763 2914 1844 2992 ip-

92 2992 215 3072 ficm
240 2995 448 3072 semper
486 3010 591 3072 per
623 2995 880 3072 Spiritum
924 2995 1076 3055 Filiis
1103 2997 1367 3056 hominum
1385 2997 1653 3074 patefecit.

191 3074 310 3134 UT
344 3074 507 3156 hujus
543 3074 837 3155 pofitionis
872 3076 1083 3137 veritas
1114 3091 1441 3156 appareat·,
1486 3075 1845 3136 consideran·-

108 3153 253 3215 dum
299 3156 403 3227 est,
449 3155 748 3247 quomodo
776 3157 851 3217 ab
890 3157 1050 3218 initio
1087 3157 1244 3218 Deus
1270 3156 1632 3238 semetipsum
1661 3157 1846 3216 mani-

110 3234 391 3304 festavit
376 3259 435 3302 ιιι
472 3237 745 3305 creaturis
770 3238 902 3318 suis,
945 3239 1106 3324 quod
1131 3238 1353 3321 semper
1380 3240 1493 3301 huc
1523 3236 1842 3378 ιεῑιὲνίιιιι.

1666 3335 1849 3380 rimus
