2086 3640
696 73 788 137 De
847 74 1147 152 Scripturis.
1703 74 1778 152 63

62 183 249 248 solum
302 183 443 245 dicit
487 183 697 264 legem,
762 189 824 246 εἷς
843 185 1069 250 Berisum
1107 182 1163 241 in
1221 179 1515 253 auxilium,
1579 180 1780 242 datam

61 267 191 337 effe,
259 265 421 347 quod
460 285 598 324 cum
659 264 929 323 sententia
990 262 1182 327 nostrz‘i
1244 262 1411 341 supra
1461 261 1784 348 significata

52 347 291 428 'optime
340 344 602 426 quadrat.
688 344 945 403 Secunda
995 342 1252 422 objectio
1301 343 1381 402 est
1436 364 1508 404 ex
1562 344 1779 423 Johan.

31 447 119 487 ‘v.
166 449 261 507 39.
325 428 648 487 Scrutamini
699 425 1018 503 Scripturas.
1103 423 1473 504 Respondeo,
1565 425 1783 506 prime,

109 511 231 569 uod
269 507 586 587 Scripturas
632 504 872 566 scrutari
919 507 1248 576 debeamuS,
1321 525 1436 565 non
1491 523 1785 586 negauit-3

62 528 179 661 ped,
244 588 406 668 quod
451 587 514 646 &
549 604 655 667 per
690 586 815 647 illas
853 586 1166 647 examinari
1193 586 1379 666 parati
1434 588 1642 660 sumuS,
1691 589 1787 648 su·

63 690 171 748 pra
215 669 481 731 diximus,
565 668 833 752 Qaestio
899 685 1093 729 autem
1141 668 1240 739 est,
1312 687 1453 729 num
1496 669 1790 749 principa-

61 750 131 809 lis
169 750 232 811 ὅτ
276 751 400 811 sola
439 749 639 832 regula
694 748 840 811 fint:
909 750 1074 830 quod
1114 769 1232 809 non
1252 749 1443 809 solum
1501 751 1790 811 hocloco

65 851 188 893 non
231 834 540 912 probatur,
632 846 699 892 ut
758 831 822 891 δε
867 831 1221 892 contrarium
1277 830 1407 890 inde
1467 831 1792 900 luculenter

63 930 343 994 appareat
372 939 392 982 3
465 912 760 992 redarguit
796 913 950 973 enim
992 914 1088 973 hie
1129 911 1387 973 Christus
1417 914 1655 990 Judaeos
1676 932 1791 992 pro

42 994 240 1054 >nimia
314 1014 452 1075 erga
488 1019 490 1021 ·
524 994 846 1074 Scripturas
918 992 1303 1064 veneratione,
1393 995 1537 1054 dum
1619 993 1789 1053 illum

66 1076 445 1156 negligerent,
507 1076 602 1156 qui
665 1075 970 1155 Scripturis
1037 1092 1163 1136 erat
1209 1077 1663 1155 anteponenduS,
1726 1074 1792 1132 δε

68 1156 140 1216 de
185 1178 304 1238 quo
353 1158 724 1228 testabantur,
791 1156 936 1218 ficut
977 1156 1273 1217 declarant
1288 1155 1570 1236 sequentia
1583 1149 1787 1226 verba,

66 1242 194 1318 quia
240 1260 334 1298 vos
378 1243 585 1317 putatis
631 1241 686 1298 in
726 1240 846 1317 ipsts
894 1242 1070 1299 vitam
1137 1253 1391 1298 aeternam
1461 1236 1671 1307 habere,
1716 1237 1792 1297 ξεῖ*

64 1319 176 1379 illae
194 1321 343 1397 fitnt,
409 1327 523 1401 qud·
568 1321 908 1397 testimonium
958 1321 1237 1400 perhibent
1274 1320 1337 1380 de
1373 1341 1494 1385 me3
1561 1320 1630 1380 ἐξ
1689 1339 1794 1379 non

65 1401 234 1461 vultis
271 1404 458 1462 venire
513 1402 590 1462 ad
625 1424 723 1472 me,
787 1415 848 1462 ut
885 1405 1061 1463 vitam
1124 1403 1362 1463 habeatis
1381 1424 1401 1459 .·
1491 1400 1640 1459 unde
1688 1421 1794 1480 ap-

66 1498 253 1562 paret,
331 1482 509 1563 quod,
589 1483 731 1542 dum
773 1483 956 1544 vitam
1011 1499 1290 1543 aeternam
1355 1482 1566 1561 affequi
1622 1497 1797 1561 puta·

65 1579 195 1623 rent
233 1564 292 1624 in
331 1563 659 1644 ScripturiS,
730 1564 1103 1645 negligebant
1150 1563 1446 1625 Christum
1488 1562 1661 1634 adire,
1727 1578 1798 1621 ut

65 1644 250 1704 vitam
327 1645 653 1713 haberent;
744 1648 907 1726 quod
954 1645 1178 1726 optime
1226 1644 1429 1704 nostro
1490 1644 1797 1724 proposito

66 1725 389 1806 respondet,
449 1746 584 1786 cum
632 1725 934 1788 adversarii
982 1727 1157 1787 hodie
1199 1725 1577 1805 magnificent
1603 1727 1798 1807 Scrip-

65 1821 243 1880 turas,
286 1807 669 1868 existimantes
735 1808 793 1867 in
857 1804 966 1868 illis
1019 1808 1202 1868 vitam
1278 1808 1561 1886 consequi,
1652 1808 1799 1867 dum

67 1887 280 1949 scilicet
314 1889 440 1948 illas
496 1888 892 1969 principalem,
983 1889 1046 1947 &
1084 1889 1315 1948 unicam
1363 1889 1646 1966 regulam,
1734 1889 1801 1947 δε

65 1968 208 2030 vitae
243 1970 403 2031 viam
463 1985 703 2041 vocant,
766 1969 830 2028 δε
891 1969 1120 2029 interim
1169 1968 1326 2030 adire
1382 1969 1803 2050 recusant-Spi-

67 2047 270 2121 ritum,
339 2050 411 2110 de
453 2070 576 2130 quo
631 2051 948 2131 Scripturae
989 2052 1287 2123 testantur,
1352 2049 1479 2109 imo
1536 2051 1803 2131 spiritua·

64 2126 182 2191 lesu
229 2134 293 2192 &
329 2130 613 2192 internam
654 2132 868 2212 legem,
948 2153 1083 2213 quae
1118 2132 1303 2194 vitam
1369 2133 1803 2194 communicare

66 2214 298 2294 potest:
366 2212 516 2273 illius
561 2211 742 2294 igitur
782 2214 990 2296 populi
1036 2214 1364 2294 ignorantia
1434 2234 1802 2295 nequaquam

65 2314 141 2355 ex
187 2296 502 2376 Scripturae
538 2309 882 2378 contemptu
923 2313 1025 2357 aut
1064 2297 1329 2377 negleelm
1396 2297 1797 2376 proveniebat,

68 2394 246 2454 quam
287 2378 422 2438 licet
462 2376 526 2435 &
570 2375 778 2437 scirent
814 2379 876 2437 ὅτ
916 2378 1257 2450 exaltarent,
1330 2379 1570 2438 testatur
1606 2394 1806 2438 tamen

72 2457 332 2519 Christus
378 2457 436 2518 in
484 2455 682 2540 priore
728 2459 912 2530 versu,
999 2459 1166 2539 quod
1223 2481 1403 2521 vocem
1454 2459 1644 2518 Patris
1710 2480 1806 2518 nec

72 2539 420 2611 audiverant,
488 2559 581 2600 nec
619 2541 846 2618 speciem
906 2542 1014 2621 ejus
1071 2540 1342 2610 viderant,
1431 2561 1523 2599 nec
1576 2540 1812 2599 verbum.

71 2622 181 2700 ejus
219 2642 433 2683 manens
469 2624 525 2682 in
572 2620 684 2681 illis
728 2622 1010 2691 habebant,
1096 2622 1305 2702 ideoque
1364 2623 1418 2680 in
1445 2619 1630 2695 filium
1700 2643 1805 2682 non

75 2700 373 2764 credebant.
459 2702 768 2774 Praeterea,
840 2702 1006 2761 locus
1038 2701 1134 2760 ille
1175 2701 1482 2762 indicative
1510 2722 1632 2761 non
1648 2703 1806 2762 secus

76 2799 147 2843 ac
179 2780 520 2863 imperative
568 2782 712 2842 sumi
751 2783 941 2863 potest
974 2807 994 2849 ;
1074 2803 1211 2842 nam
1260 2782 1540 2842 Graecum
1581 2791 1804 2862 ingo‘brs

56 2876 389 2943 .utrumque
442 2862 747 2942 significat,
837 2863 1001 2943 quod
1048 2864 1221 2943 Pasbr
1264 2863 1567 2924 indicative
1628 2867 1806 2926 inter.

76 2958 387 3023 pretatur·,
451 2943 613 3024 quod
658 2944 835 3004 etiam
877 2945 1142 3025 sequente
1187 2946 1590 3024 redargutione
1619 2950 1804 3029 magis

74 3023 414 3105 genuinum,
497 3025 559 3085 δε
603 3024 905 3087 verisimile
953 3024 1181 3086 videtur
1213 3051 1233 3096 3
1318 3026 1395 3086 fic
1461 3029 1637 3088 etiam
1677 3031 1804 3111 opi·
1841 3049 1848 3062 *¹

38 3146 39 3150 =
77 3121 249 3165 natur
286 3105 559 3188 Cyrillus,

158 3185 324 3247 VIII.
369 3188 846 3264 OBJEc‘rtosz
898 3188 1129 3250 tertiam
1176 3209 1254 3259 ex!
1295 3188 1483 3251 verbis
1511 3190 1803 3258 deducunt

75 3264 217 3360 Λᾶ.
242 3268 382 3338 xvii,
432 3291 456 3333 1
476 3292 526 3332 1.
568 3268 653 3341 Hi
687 3283 864 3344 autem
901 3284 1056 3334 erant
1119 3270 1394 3334 nobiliores
1451 3294 1646 3347 eorum,
1710 3281 1803 3356 qui

1670 3361 1802 3436 fient
