2086 3640
201 92 312 162 278
501 93 976 155 THESIS
1055 88 1616 151 DECIMA.

201 204 376 250 autem
423 195 568 254 nullo
606 197 789 255 horum
836 197 951 274 ufhs
984 196 1126 273 sum,
1191 215 1291 253 non
1347 205 1519 251 autem
1551 191 1738 272 scripsi
1782 193 1915 263 hoec,

202 285 261 330 ut
297 275 375 331 ita
405 275 552 348 fiant
588 278 643 335 in
685 300 778 336 me.
864 277 945 335 Et
965 276 1103 335 vers.
1155 280 1244 334 18.
1292 272 1430 352 ch
1466 274 1536 349 cst
1577 294 1706 352 ergov
1733 294 1924 332 merces

203 374 320 412 mea
350 354 378 410 ,Ρ
444 369 503 415 ut
549 357 906 438 Evangelium
935 357 1255 434 praedicans,
1307 357 1425 431 stne
1465 356 1680 431 sumptu
1729 370 1926 432 ponam

210 435 587 514 Evangelium,
635 453 811 499 utnon
833 441 1027 500 abutar
1036 439 1286 516 potestate
1314 435 1431 494 med
1453 438 1506 494 in
1533 434 1844 515 Evangelia.

292 517 584 588 TERTIO,
631 521 789 579 Sicut
809 541 911 580 nec
932 533 1286 601 praeceptum
1318 536 1419 575 nec
1459 516 1793 595 exemplum
1834 514 1936 573 ha-

213 596 314 657 bet
349 597 405 656 in
447 600 754 680 Scripturis
795 600 1038 660 limitata
1067 615 1167 660 aut
1188 598 1444 658 coactiva
1463 596 1813 676 sustentatiO,
1860 594 1936 654 fic

218 677 555 757 Apostolu5‚
619 681 675 740 in
715 682 928 742 solenni
967 681 1059 740 sua
1110 680 1417 741 senioribus
1459 675 1710 736 ecclefiae
1738 677 1936 756 Ephe-

218 755 350 817 slnae
392 761 788 834 valedictione,
843 764 947 822 hac
992 763 1102 822 illis
1140 758 1451 830 interdixit,
1500 757 1638 817 Aet.
1678 776 1773 818 xx.
1836 778 1934 836 33,

222 857 319 915 35.
402 842 511 900 Sed
554 843 593 900 fi
636 844 746 902 hoc
782 844 889 903 vel·
925 844 1249 923 legitimum
1292 842 1416 908 fuit,
1463 839 1559 898 vel
1609 855 1746 898 tunc
1793 854 1941 898 tern-

221 920 377 996 poris
425 921 717 994 ufitatum,
751 924 951 1004 potius
992 927 1254 984 hortatus
1275 922 1459 982 fuisset
1486 939 1581 978 eos
1603 919 1942 999 ApostoluS,

224 1017 290 1060 ut
331 1002 573 1062 limitata
616 1004 708 1064 sua
751 1006 1010 1065 mercede
1048 1004 1300 1064 contenti
1341 1003 1535 1070 effent,
1581 1001 1642 1058 δε
1677 1020 1794 1060 non
1822 1021 1945 1060 am-

224 1081 374 1159 plius
415 1103 780 1163 quaererent3
825 1087 915 1145 sed
943 1087 1082 1145 vero
1124 1085 1393 1163 exemplo
1420 1084 1532 1154 &suo
1574 1081 1635 1139 iis
1658 1080 1945 1160 praecipit,

228 1163 428 1224 nullius
460 1181 756 1246 argentum,
820 1190 909 1227 nec
948 1189 1161 1236 aurum,
1228 1187 1315 1224 nec
1362 1155 1552 1240 vestem
1593 1163 1947 1241 concupiscere.

229 1244 510 1315 Secundo,
579 1251 817 1309 manibus
849 1251 962 1325 suis
1010 1248 1374 1322 neccfftcztibus
1425 1245 1744 1319 ministrare,
1811 1243 1955 1303 ficut

234 1323 329 1381 ille
369 1327 596 1392 fecerat.
684 1327 765 1388 Et
825 1329 1079 1408 denique,
1146 1328 1218 1386 ad
1259 1328 1369 1385 hoc
1418 1325 1545 1384 illos
1594 1325 1860 1383 hortatur
1920 1324 1951 1381 ἐι

232 1408 423 1465 verbis
467 1408 698 1480 Christi,
763 1413 888 1489 quia
925 1412 1122 1469 beatius
1167 1409 1235 1485 est
1276 1408 1425 1478 dare,
1490 1406 1649 1486 qudm
1677 1407 1954 1483 accipere;

235 1484 366 1544 inde
388 1487 701 1558 ostendenS,
748 1491 858 1548 hoc
881 1510 996 1549 non
1017 1490 1226 1549 debere
1244 1508 1446 1546 verum
1479 1485 1797 1544 ministrum
1820 1505 1958 1544 con-

237 1567 538 1646 cupiscere,
602 1571 693 1628 ve]
738 1572 1062 1649 expectare,
1123 1569 1216 1627 sed
1257 1569 1464 1649 potiuS‚
1521 1565 1751 1645 quando
1777 1565 1963 1624 neces-

241 1646 402 1707 sltate
434 1651 507 1708 εὸ
537 1650 739 1712 ductus
760 1653 859 1723 est,
904 1668 970 1710 ut
990 1650 1247 1730 accipiat,
1294 1650 1447 1729 quafi
1472 1645 1874 1718 affiictionem,
1901 1647 1965 1707 δι’

239 1748 381 1787 onus
403 1731 737 1806 existimare.

326 1812 532 1872 XXX.
579 1816 893 1894 QARTo,
960 1813 1001 1871 fi
1041 1811 1286 1872 limitata
1310 1806 1374 1869 &
1404 1810 1600 1870 coacta
1639 1807 1966 1869 sustentatio

242 1890 676 1969 supponeretur,
725 1894 932 1953 slmiles
983 1894 1193 1953 Christi
1237 1893 1523 1952 ministros
1573 1890 1782 1950 faceret
1813 1911 1963 1950 mer-

246 1973 477 2032 cenariis
514 1974 648 2045 istis,
695 1995 836 2053 quos
877 1976 1188 2055 Prophetae
1210 1975 1507 2051 tantopere
1532 1971 1966 2050 redarguebant.

246 2051 303 2110 Si
332 2054 482 2115 enirn
516 2055 716 2134 aliquis
745 2056 1117 2124 conducatur,
1164 2055 1385 2133 populo
1415 2053 1724 2132 praedicare
1753 2051 1853 2110 tali
1873 2051 1966 2112 vel

246 2133 351 2191 tali
387 2136 687 2213 quotannis
726 2137 1004 2206 mercede,
1051 2136 1128 2194 ita
1170 2151 1235 2193 ut
1271 2134 1476 2212 absque
1506 2133 1602 2191 illa
1634 2130 1778 2189 nolit
1818 2149 1968 2211 prae-

248 2213 456 2284 dicare,
524 2228 582 2280 ὅζ
634 2217 943 2275 recusantes
978 2217 1036 2276 vi
1075 2236 1280 2295 urgere
1309 2230 1548 2292 quaerat,
1616 2213 1815 2291 negari
1852 2234 1970 2271 non

251 2296 457 2375 potest,
505 2298 679 2356 talem
712 2317 819 2375 pro
859 2297 1117 2355 mercede
1157 2295 1486 2374 praedicare,
1534 2293 1846 2352 &lucrum
1883 2295 1971 2353 su-

249 2397 352 2436 um
394 2379 466 2436 ab
504 2378 771 2438 extremis
812 2378 913 2435 suis
955 2379 1274 2457 expectare,
1324 2376 1655 2454 bellumque
1693 2373 1800 2432 illis
1830 2374 1973 2433 indi-

253 2478 399 2529 cere,
446 2459 547 2539 qui
586 2460 673 2517 ori
717 2458 969 2537 ipsorum
1012 2479 1122 2518 non
1165 2458 1407 2516 indunt:
1472 2456 1718 2515 sedhaec
1759 2455 1973 2535 peculi-

253 2539 370 2600 aria
411 2540 683 2600 falsorum
715 2540 1131 2619 prophetarum
1171 2539 1324 2618 signa
1370 2538 1515 2608 sunt,
1562 2537 1798 2614 ideoque
1825 2537 1972 2596 veris

255 2621 464 2681 Christi
501 2620 766 2700 ministris
807 2619 1041 2679 minime
1080 2637 1409 2699 competere
1444 2620 1686 2698 poffunt.

336 2705 619 2789 Dmgsmss,
665 2701 818 2781 quod
857 2700 1321 2761 sustentationem
1362 2700 1719 2779 superfluam,
1763 2698 1822 2758 id
1869 2698 1992 2770 est,

253 2786 381 2868 plus
420 2784 595 2863 quam
638 2802 782 2862 opus
832 2782 933 2852 est,
1001 2803 1114 2841 non
1170 2783 1370 2922 (Receat
1407 2780 1752 2839 Christianos
1810 2779 1975 2840 mini-

254 2871 398 2929 stros
424 2864 711 2943 ¹accipere,
758 2862 1101 2942 probatione
1131 2862 1192 2921 lo
1232 2862 1305 2942 ga
1349 2882 1463 2921 non
1504 2877 1655 2941 eget,
1701 2863 1836 2921 cum
1860 2861 1976 2920 'hoc
2024 2879 2027 2882 ·

254 2962 312 3016 a<
363 2945 771 3007 moderatiores
807 2946 934 3003 tum
981 2944 1451 3014 Protestantium,
1502 2945 1628 3002 tum
1678 2940 1976 3002 Pontifici-

253 3050 423 3089 orum
457 3026 762 3095 fateantur,
826 3024 924 3103 qui
973 3025 1083 3085 una
1123 3045 1268 3083 voce
1325 3039 1522 3083 contra
1565 3021 1974 3082 immoderatos

256 3111 597 3169 clericorum
643 3105 855 3164 reditus
898 3106 1222 3164 exclamant
1253 3126 1266 3162 ε
1309 3105 1462 3185 quod
1496 3119 1687 3165 autem
1715 3099 1972 3179 probati-

254 3202 363 3248 one
391 3189 700 3264 Scripturae
729 3205 844 3244 non
887 3202 1054 3264 egeat
1090 3186 1281 3265 palam
1324 3185 1434 3247 est„
1467 3184 1605 3262 quid
1633 3179 1977 3240 luculentius

254 3271 361 3333 effe
417 3265 603 3348 potest
638 3266 741 3326 illo
786 3265 1079 3345 Apostoli,
1134 3289 1156 3326 1
1185 3266 1347 3328 Tim.
1380 3266 1433 3324 6.
1468 3281 1525 3340 7,
1558 3266 1616 3334 8,
1648 3282 1709 3341 9,
1750 3280 1839 3319 10.
1869 3260 1973 3320 ubi
2035 3273 2038 3276 ’

1703 3340 1969 3413 ostendit,

2069 2216 2086 2341 ξ
