2086 3640
273 77 394 140 ἠε
496 73 871 138 THESIS
919 55 1338 157 QUINTA
1386 73 1457 138 6³²
1516 74 1856 168 SEXTA.

274 180 418 242 Hoc
466 180 642 259 igitur
683 178 988 238 relativum
1033 184 1092 240 <N
1119 182 1249 240 ἐυτιῒ
1279 187 1339 236 ad
1355 183 1508 249 φωτὸς
1547 178 1581 237 1.
1614 199 1661 237 e.
1687 180 1879 241 lumen
1902 192 2005 243 re-‘

271 260 566 319 ferendum
613 259 714 330 est,
760 259 831 317 de
877 279 994 336 quo
1061 261 1350 337 Johannes
1414 259 1801 321 testimonium
1857 283 1988 341 per-

274 341 526 411 hibebat,
599 357 668 400 ut
719 360 822 418 per
869 337 1033 415 illud„
1057 341 1272 408 lumen,
1338 359 1453 419 quo
1499 340 1755 399 Christus
1790 362 1990 404 omnes

273 421 529 480 homines
565 419 931 491 illuminavit,
976 420 1348 502 unnsquisque
1393 419 1661 480 crederet.

350 502 500 560 CUM
570 501 746 581 igitur
794 501 906 561 hoc
946 503 1140 562 lumen
1204 501 1273 560 s1t
1339 503 1532 562 lumen
1590 501 1820 574 Christi,
1884 524 2004 584 per,

266 581 425 661 quod
463 603 660 642 omnes
700 581 914 643 debent
956 583 1205 653 credere,
1287 603 1402 642 non
1439 582 1822 643 dubitandum
1880 587 1990 644 effe

267 661 499 741 opinor,
543 662 680 743 quin
720 661 791 723 fit
822 663 1266 745 supernaturale,
1313 662 1664 724 salutiferum
1714 663 1774 722 δε
1833 665 1990 725 suffi-

268 743 453 802 ciens:
499 745 662 804 Nam
698 743 910 823 primo,
959 745 998 804 fi
1038 765 1154 804 non
1199 743 1334 804 effer
1378 744 1824 824 supernaturale,
1867 766 1986 807 non

269 824 508 904 proprie
552 824 855 886 dicendum
897 826 1032 886 effer
1073 824 1318 885 Christi:
1393 825 1546 904 quia,
1591 825 1743 896 licet,
1768 827 1986 888 'omnia

266 904 406 983 ejuS,
453 926 523 964 ex
570 926 662 977 e0,
705 907 1098 987 &perillum
1139 907 1265 975 fint,
1311 927 1377 965 ea
1405 922 1619 977 tamen,
1661 926 1793 986 quae
1821 927 1984 967 com-

264 987 459 1046 munia
486 987 547 1044 &
574 1003 796 1048 naturae
824 988 1031 1047 nostrae
1061 987 1368 1067 peculiaria
1396 988 1540 1057 sunt,
1584 1001 1652 1046 ut
1678 1007 1809 1066 pars
1842 988 1978 1066 ejuS,

263 1070 381 1127 non
423 1067 670 1127 dicimur
707 1068 784 1128 ita
825 1069 1135 1148 specialiter
1172 1069 1200 1126 Ξι
1246 1066 1474 1127 Christo
1514 1067 1738 1127 habere.
1823 1068 1984 1128 Prae-
2084 1126 2086 1130 Α

262 1147 416 1207 terea
481 1148 847 1228 Evangelista
907 1151 1016 1209 hoc
1066 1150 1198 1209 loco
1255 1147 1465 1207 Christi
1522 1147 1800 1218 officium,
1866 1149 1981 1227 qua
2079 1208 2086 1231 ἕ

263 1229 548 1289 mediator
594 1230 695 1301 est,
769 1230 1038 1300 declarat,
1110 1231 1170 1289 &
1219 1229 1516 1301 beneficia,
1579 1243 1709 1309 quae
1753 1231 1829 1290 ab
1878 1230 1982 1291 illo
2081 1236 2086 1295 ,ἶ

258 1311 447 1382 nobis,
491 1311 600 1390 qua
654 1311 776 1381 tali,
834 1312 1167 1371 redundant.
1242 1337 1244 1339 >

343 1394 664 1462 SECUNDO,
710 1413 826 1452 non
867 1394 1053 1472 potest
1093 1392 1200 1451 effe
1244 1412 1316 1453 ex
1362 1389 1594 1453 dotibus
1630 1391 1722 1450 seu
1750 1407 1982 1452 natura·-

261 1470 410 1532 libus
458 1472 662 1531 animae
703 1472 1087 1545 facultatibuS,
1132 1475 1249 1552 quo
1297 1473 1409 1531 hoc
1450 1472 1582 1532 loco
1619 1471 1862 1538 dicimur
1910 1473 1981 1533 il-
2079 1539 2082 1548 ⁵

259 1551 552 1622 luminari,
595 1553 727 1632 quia
776 1554 886 1612 hoc
929 1554 1123 1613 lumen
1163 1552 1370 1611 dicitur
1419 1556 1474 1612 in
1514 1554 1736 1613 tenebris
1785 1554 1977 1626 lucere,
2079 1623 2082 1628 ¹

260 1633 331 1694 δέ
380 1635 446 1693 ab
496 1633 607 1692 illis
642 1655 744 1694 non
791 1634 1189 1711 comprehendi3
1235 1634 1324 1692 hae
1365 1650 1558 1693 autem
1608 1633 1860 1694 tenebrae
1895 1635 1985 1693 ni-
2074 1684 2084 1708 4

259 1714 340 1773 hil
391 1714 545 1774 aliud
584 1715 731 1785 sunt,
779 1714 880 1773 nifi
913 1714 1183 1774 naturalis
1233 1713 1475 1774 hominis
1515 1714 1711 1785 status,
1755 1712 1812 1773 in
1859 1734 1982 1794 quo
2083 1763 2086 1766 -

254 1796 504 1856 naturali
544 1795 690 1856 statu
733 1796 899 1855 facile
948 1794 1431 1876 comprehendere
1478 1794 1691 1874 potest,
1735 1794 1981 1856 &com-
2062 1781 2086 1878 ᾗ

255 1876 574 1956 prehendit,
622 1898 751 1957 quae
802 1875 904 1938 s1bi
947 1876 1055 1956 qua
1108 1877 1209 1937 tali
1250 1875 1580 1936 communia
1618 1875 1681 1935 δε
1725 1876 1979 1956 peculia·
2070 1901 2074 1908 ·

258 1957 340 2016 ria
381 1958 523 2017 sunt.
609 1958 790 2041 Qod
830 1973 1023 2018 autem
1071 1958 1252 2018 homo
1293 1957 1350 2016 in
1405 1956 1654 2016 naturali
1693 1955 1841 2016 statu
1890 1957 1977 2018 di-

255 2053 418 2098 catur
440 2040 692 2099 tenebrae
733 2054 995 2118 apparet,
1048 2038 1203 2118 Eph.
1246 2059 1302 2097 v.
1333 2040 1410 2106 8.
1470 2041 1633 2098 eratis
1687 2039 1825 2097 enim
1872 2039 1978 2099 ali-

254 2118 461 2199 quando
499 2121 748 2190 tenebrae,
793 2141 930 2179 nunc
956 2132 1129 2178 autem
1159 2119 1253 2179 lux
1274 2122 1330 2178 in
1357 2119 1602 2179 Domine.
1650 2117 1800 2176 Vide
1831 2120 1971 2180 Aa.
2063 2191 2066 2194 ,

252 2201 410 2260 xxvi.
441 2203 530 2260 18.
576 2200 704 2260 Col.
730 2200 764 2258 i.
798 2221 887 2278 13.
944 2222 966 2259 1
994 2200 1188 2259 Theff.
1212 2220 1268 2259 v.
1303 2217 1357 2275 5.
1398 2199 1504 2266 ‚ubi
1531 2197 1703 2258 status
1729 2197 1978 2260 hominis
2064 2243 2066 2250 ι

252 2281 523 2342 naturalis
559 2284 811 2343 tenebrae
847 2280 1072 2340 dicitur.
1159 2280 1297 2340 Ideo
1341 2279 1474 2338 dico
1510 2278 1622 2339 hoc
1650 2278 1843 2339 lumen
1860 2301 1976 2342 non

251 2364 361 2422 effe
398 2363 654 2422 naturale
700 2363 938 2443 aliquod
973 2363 1215 2434 donum,
1281 2360 1395 2420 five
1423 2359 1758 2420 facultatem
1787 2361 1973 2420 homi·
2033 2377 2062 2422 ,’

251 2443 335 2502 nis
389 2443 618 2516 animae,
687 2444 784 2504 sed
842 2443 1267 2524 supernaturale
1326 2442 1547 2501 donum
1603 2443 1667 2502 δε
1720 2443 1971 2522 gratiam

253 2524 483 2584 Christi.

331 2606 626 2676 TERTIO,
669 2604 1017 2666 salutiferum
1063 2604 1125 2663 δε
1165 2604 1439 2663 sufficiens
1476 2603 1572 2663 est.
1725 2602 1842 2661 uod
1870 2602 1973 2664 da·
2063 2658 2068 2667 Δ

249 2701 368 2757 tur,
412 2704 478 2747 ut
525 2707 721 2746 omnes
764 2708 867 2767 per
922 2687 1069 2746 illud
1107 2685 1358 2756 credant,
1403 2699 1637 2765 oportet
1672 2706 1702 2742 e
1749 2705 1779 2742 e
1817 2683 1971 2744 suffi-
2032 2701 2086 2771 ἅμ

248 2767 396 2827 ciens
451 2769 511 2827 &
558 2767 948 2828 salutiferum:
991 2767 1157 2836 illud,
1202 2766 1258 2826 in
1278 2787 1396 2845 quo
1417 2764 1769 2826 ambulando
1807 2786 1995 2846 com·⁴
2027 2789 2047 2844 ,5
2085 2787 2086 2804 ¹

248 2849 448 2910 munio
489 2869 622 2910 cum
658 2849 878 2921 sanctis,
921 2849 982 2907 &
1017 2847 1238 2927 sanguis
1280 2848 1410 2926 Jesu
1459 2845 1669 2907 Christi
1714 2847 1791 2907 ab
1838 2846 2038 2906 om-.f‘

246 2930 304 2987 ni
351 2947 590 3010 peccato
631 2931 927 3002 mundam,
973 2930 1284 3000 obtinetur,
1329 2928 1409 2988 est
1446 2926 1721 2987 sufficiens
1769 2925 1830 2985 δι
1882 2927 1966 2988 sa-
1999 2943 2037 2966 0

248 3009 575 3072 lutiferum:
620 3011 728 3070 Sed
765 3011 878 3071 tale
920 3009 1003 3069 est
1046 3010 1258 3069 lumen.
1299 3030 1320 3068 1
1361 3010 1567 3088 Johan.
1600 3008 1634 3067 i.
1671 3025 1725 3086 7.
1770 3008 1855 3067 Er
1900 3028 1961 3066 0.

245 3089 535 3151 Praeterea
582 3091 747 3163 illud,
811 3092 868 3150 in
916 3091 1074 3171 quod
1094 3089 1368 3170 jubemur
1409 3090 1660 3159 credere,
1739 3103 1806 3148 ut
1899 3107 1959 3145 a·

246 3189 374 3228 mus
427 3172 531 3230 filii
579 3172 737 3243 111ςί5,
797 3171 877 3232 est
919 3171 1261 3253 principium
1303 3166 1743 3250 supernaturale,
1807 3165 1960 3225 suffi-

243 3249 392 3314 ciens
419 3252 479 3312 &
517 3252 907 3316 salutiferum:
950 3253 1062 3316 Sed
1079 3251 1355 3333 jubemur
1378 3250 1602 3313 credere
1642 3247 1702 3310 in
1732 3248 1957 3388 higen:
1991 3247 1993 3249 ’

1858 3347 1955 3406 go.
