2086 3640
322 118 411 187 De
441 114 716 202 Ministris
750 117 818 181 δέ’
854 112 1164 194 Pastoribus
1196 101 1458 187 Ecclqfiae.
1646 112 1717 167 28
1728 129 1761 187 3

45 234 230 303 minus
266 245 525 312 apparet,
590 227 765 308 quarn
806 225 863 284 in
912 223 1026 283 alio
1067 221 1193 282 ullo
1215 218 1515 280 hominum
1533 237 1769 298 genere,

18 313 202 395 'quod
242 312 509 375 omnibus
551 306 910 368 manifestum
950 304 1047 364 est.

131 394 426 464 TERTIO,
471 392 615 451 Hoc
657 386 835 449 modo
877 387 956 445 ita
1005 390 1260 465 pecuniae
1301 380 1488 443 amori
1529 378 1772 460 conglu-

53 475 217 534 tinati
255 477 424 545 fiunt,
494 487 564 531 ut
608 470 796 531 nullos
835 487 998 547 pares
1047 466 1294 525 habeant
1313 465 1371 524 in
1402 461 1639 534 malitia,
1684 481 1775 519 ra-

58 555 148 616 bie
195 556 256 614 &
285 554 668 618 crudelitate3
736 549 776 608 fi
826 568 1041 606 merces
1078 566 1282 605 eorum
1331 545 1394 604 iis
1440 544 1775 624 denegetur,

52 637 499 706 debacchantur,
544 633 761 702 furunt,
819 628 1116 701 insaniunt,
1161 626 1553 707 saeviuntque3
1638 625 1781 683 Cre·

54 717 232 776 ditori
247 716 594 774 severiffirno
611 713 771 773 citius
793 708 1107 770 satisfacere
1129 707 1312 787 quivis
1332 707 1542 788 potest,
1601 705 1783 787 quam

59 798 122 856 iis
148 821 167 863 ·‚
211 796 498 856 universus
520 813 838 875 pauperum
857 792 1081 851 clamor
1103 790 1214 851 hoc
1233 791 1568 860 confirmat,
1629 786 1785 846 mul-

59 879 123 938 to
173 878 326 937 enim
373 877 758 956 diligentiores
794 874 852 934 in
892 870 1241 935 decimandis
1276 871 1508 942 ovibu3,
1578 868 1786 930 anseri-
1851 916 1857 921 ,

62 962 190 1029 bu3‚
239 959 428 1038 porcis
474 959 538 1018 &
585 956 709 1017 ovis
743 955 891 1026 sunt,
936 953 1114 1033 quam
1156 952 1213 1012 in
1261 973 1506 1034 gregem
1547 949 1788 1010 invisen-

64 1042 141 1100 do
169 1065 186 1106 3
233 1040 536 1100 minimum
555 1036 927 1099 nummulum
948 1036 1043 1094 hic
1064 1033 1488 1105 desiderabunt,
1552 1033 1613 1090 &
1642 1054 1790 1114 pau-
1821 1099 1825 1102 ,

65 1122 317 1202 pei-rima
357 1121 530 1178 vidua
566 1138 763 1181 avaras
802 1136 1004 1176 eorum
1047 1137 1248 1175 manus
1276 1116 1516 1175 evadere
1552 1115 1788 1194 nequit:

63 1202 271 1282 viginti
307 1201 596 1260 mendacia
637 1199 830 1260 audire
868 1199 1077 1257 volunt
1116 1197 1230 1257 fine
1259 1197 1685 1277 redargutione,
1730 1194 1795 1253 δι’

67 1284 313 1343 totidem
365 1280 694 1361 juramenta
737 1282 910 1362 possit
957 1279 1205 1360 quilibet
1241 1299 1440 1339 coram
1488 1279 1565 1337 eis
1594 1275 1796 1355 jurare

66 1364 275 1443 absque
316 1363 519 1425 cotum
560 1362 843 1433 scandaIO,
889 1362 950 1420 δε
986 1359 1190 1440 pejora
1231 1361 1316 1420 his
1345 1359 1535 1419 multo
1557 1358 1797 1419 transire

67 1446 320 1527 poffunt.
405 1444 517 1503 Sed
560 1443 601 1502 fi
641 1445 780 1524 quid
827 1442 891 1502 iis
951 1442 1159 1503 debeas
1227 1442 1289 1500 δε
1348 1442 1493 1501 nolis
1550 1441 1793 1509 solvere,

72 1545 210 1586 tunc
257 1525 398 1584 nihil
435 1525 537 1584 nifi
579 1526 797 1587 bellum
842 1525 1163 1585 tonitruant
1205 1523 1263 1582 in
1307 1540 1384 1595 te,
1430 1523 1492 1581 δε
1530 1521 1799 1582 horribili

73 1607 354 1685 sacrilegii
410 1607 584 1666 titulo
636 1605 1135 1686 stigmatizabunt,
1200 1605 1260 1662 ὅτ
1302 1605 1377 1663 ad
1419 1603 1628 1663 inferos
1685 1603 1802 1662 fine

73 1685 456 1749 misericordia
498 1703 555 1746 te
599 1687 850 1757 mittent,
897 1685 1051 1766 quasi
1102 1702 1408 1766 peccatum
1436 1686 1494 1744 in
1520 1685 1802 1766 Spiritum

74 1770 332 1829 sanetum
373 1768 762 1848 perpetrasses.
848 1769 978 1829 Nos
1019 1768 1281 1827 omnium
1325 1766 1487 1846 hujus
1536 1768 1615 1826 rei
1639 1787 1804 1826 max-

82 1852 195 1910 ime
238 1849 462 1929 experti
495 1849 659 1909 testes
686 1850 928 1910 sumus:
993 1851 1126 1909 cum
1171 1849 1325 1908 enim
1373 1849 1806 1908 demonstrave-

83 1932 158 1991 rit
211 1931 375 1991 nobis
418 1930 573 1989 Deus
634 1946 977 2011 corruptum
1019 1931 1129 1988 hoc
1171 1930 1233 1987 &
1290 1929 1806 1990 Antichristianum

0 2057 1 2060 η
80 2011 485 2080 ministerium,
548 2011 704 2070 &ex
726 2033 797 2070 eo
826 2011 1174 2081 evocaverit,
1239 2032 1307 2070 ac
1351 2011 1427 2071 ad
1473 2011 1632 2071 suam
1687 2011 1806 2071 vir-

85 2110 268 2154 tutem
338 2093 400 2149 &
435 2092 618 2150 vitam
676 2093 1044 2162 converterit,
1106 2108 1172 2151 ut
1233 2092 1480 2172 populus
1517 2093 1810 2173 separatus

82 2176 339 2244 effemus,
386 2172 512 2231 ideo
552 2193 658 2231 nec
697 2174 893 2234 oribus
933 2174 1172 2233 illorum
1215 2173 1430 2244 indere,
1477 2190 1578 2235 aut
1597 2195 1694 2234 eos
1714 2175 1812 2234 fo-

83 2275 220 2316 vere
259 2254 567 2334 poffumus.
653 2254 711 2312 O
739 2273 1020 2336 quantum
1051 2255 1311 2326 malitiae,
1377 2255 1605 2316 invidiae
1633 2257 1695 2315 δε
1722 2277 1813 2316 ra-

88 2336 202 2397 biei
261 2335 583 2397 suscitatum
645 2336 726 2396 est
773 2336 904 2396 hinc
955 2339 1010 2395 in
1053 2336 1163 2396 illis
1214 2352 1416 2397 contra
1466 2338 1609 2397 nos!
1675 2335 1811 2399 nam

90 2419 223 2478 licet
263 2437 477 2475 merces
516 2438 718 2479 eorum
759 2439 948 2477 emere
985 2419 1262 2489 nolimu3‚
1310 2435 1504 2478 tamen
1542 2420 1817 2480 laborant

91 2520 193 2559 nos
232 2518 440 2577 cogere
472 2499 774 2579 pecuniam
795 2498 860 2558 iis
887 2500 1044 2571 dare,
1089 2501 1149 2559 δε
1169 2521 1300 2579 quae
1318 2503 1457 2579 paffi-
1486 2493 1679 2560 sumus
1704 2501 1816 2561 hoc

91 2581 368 2659 respectU,
402 2581 546 2659 pene
564 2581 957 2641 inenarrabilia
974 2582 1116 2640 sunt.
1204 2581 1326 2663 Qi
1342 2581 1692 2658 crudelitatis
1720 2603 1817 2643 eo·-

94 2681 243 2729 rum,
292 2672 350 2724 δι
386 2660 830 2732 inhumanitatiS,
895 2663 1005 2742 qua
1055 2662 1140 2722 usi
1179 2662 1324 2733 sunt,
1370 2661 1665 2722 historiam
1686 2684 1817 2744 per—

92 2741 380 2812 scriberet,
423 2743 701 2801 volumen
748 2763 1025 2822 magnum
1066 2742 1233 2801 foret.
1319 2742 1414 2802 Eo
1466 2744 1694 2805 invidiae
1754 2747 1817 2806 δε

98 2820 275 2881 rabiei
318 2823 703 2900 processerunt
748 2824 905 2882 avari
956 2823 1040 2882 isti
1070 2824 1422 2895 mercenarii,
1495 2841 1561 2885 ut
1600 2827 1820 2889 malitia

97 2921 303 2961 eorum
359 2903 637 2982 permulti
684 2923 962 2983 pauperes
1005 2903 1302 2983 agricolae,
1373 2907 1523 2988 saepe
1586 2924 1819 2969 centum

99 2982 437 3054 milliaribus
483 2983 514 3040 ὲ
566 2982 844 3043 domibus
910 2984 1038 3056 suiS,
1113 3004 1337 3046 carcere
1366 2986 1557 3047 inclusi
1583 2988 1817 3062 fuerint,

98 3063 200 3125 ubi
242 3063 475 3143 quidam
509 3063 673 3135 duos,
717 3063 951 3144 quidam
994 3082 1124 3138 treS,
1171 3066 1291 3125 imo
1331 3069 1564 3148 quidam
1603 3072 1820 3150 septem

97 3164 281 3204 annos
331 3144 582 3204 mansere
620 3144 826 3225 viginti
864 3148 1106 3217 affibus,
1135 3147 1198 3205 &
1245 3147 1496 3210 minoris,
1583 3151 1610 3210 1
1653 3153 1705 3212 se
1733 3154 1820 3212 vi-
1888 3154 1893 3159 ’

102 3225 276 3285 duam
321 3225 480 3296 novi,
525 3246 658 3304 quae
694 3245 802 3305 pro
822 3226 1052 3287 decimis
1099 3228 1377 3301 anserum,
1421 3251 1534 3292 non
1563 3173 1822 3314 ειὲψιίη-

103 3326 212 3386 que
251 3307 384 3367 affes
421 3306 733 3378 aestimatis,
778 3324 1027 3388 quatuor
1064 3320 1258 3382 a‘nn03,
1323 3311 1561 3392 triginta
1588 3312 1617 3374 a
1643 3315 1823 3375 domo

1730 3396 1823 3458 sua
