2086 3640
273 87 398 148 430
484 64 855 128 THESJS
911 61 1358 126 DECIMA
1392 50 1832 147 QUARTA.

278 174 399 246 iffe,
441 194 574 253 quae
611 170 842 230 tandem
882 169 952 228 eo
987 169 1163 239 venit,
1207 186 1275 230 ut
1312 171 1494 250 Papa,
1542 173 1800 253 qualibet
1817 174 1999 257 parva

275 254 593 322 occasione,
642 250 932 330 Principes
974 250 1323 335 deposuerit,
1370 252 1733 334 subditosque
1769 255 1799 314 Ξι
1835 258 1997 336 jura-

280 353 478 396 mento
518 332 846 403 absolverit,
892 332 954 390 &
995 331 1072 391 sic
1108 332 1139 392 ἐ
1171 333 1360 411 regnis
1394 333 1500 392 suis
1546 333 1864 410 detruserit.
1929 339 1994 397 Si

277 433 473 479 autem
524 412 910 473 Protestantes
941 413 1066 472 haec
1088 414 1295 473 meritd
1317 415 1463 472 inter
1493 415 1831 476 Pontificios
1860 440 1998 478 con-

276 498 574 565 demnant,
617 513 805 554 nonne
838 493 1163 554 luctuosum
1211 494 1312 565 est,
1357 494 1520 573 quod
1546 494 1652 575 ipfi
1675 495 1826 559 idem
1864 497 1999 558 faci-

278 577 416 639 ant?
463 575 647 658 Qod
683 574 938 654 quidem,
982 576 1209 655 quando
1245 574 1438 655 primo
1486 594 1896 656 apparuerunt,
1939 580 2003 638 δε

280 660 362 719 ἰη,
392 656 687 738 primitiva
727 655 1047 716 innocentia
1096 656 1446 727 eminebant,
1519 678 1638 717 non
1663 655 2004 736 judicabant

283 738 630 808 faciendum,
655 752 742 814 *ut
780 757 851 796 ex
901 738 1004 796 illo
1048 737 1294 797 Lutheri
1324 752 1499 817 patet.
1543 737 1577 771 *
1600 738 1785 820 Neque
1814 742 1998 818 Papa,

282 841 447 901 neque
497 819 768 897 episcopus,
814 839 974 899 neque
1020 819 1163 878 ullus
1216 820 1476 879 hominum
1524 819 1681 880 habet
1713 823 1806 902 jus
1846 827 2003 882 unius

267 903 494 982 syllaba
547 900 906 976 constituendae
955 901 1117 979 super
1163 901 1416 960 hominem
1465 900 1845 976 Christianum,
1910 905 2007 980 nist

269 985 383 1060 fiat
417 981 632 1064 ejusdem
669 981 915 1060 consensit.
999 980 1080 1040 Et
1115 980 1251 1040 ibid.
1301 982 1490 1041 Clamo
1517 982 1770 1056 fidenter,
1843 984 2008 1043 Chri-

271 1067 468 1142 stianis
510 1063 648 1122 nihil
693 1063 802 1121 ullo
836 1066 966 1143 jure
983 1063 1122 1142 poſje
1163 1065 1356 1140 imponi
1378 1063 1563 1144 legum,
1594 1066 1719 1140 sive
1755 1065 1823 1124 ab
1844 1065 2010 1125 homi-

285 1147 460 1216 nibus,
491 1146 616 1221 stve
643 1145 711 1204 ab
734 1143 969 1224 Angelis,
1016 1146 1114 1221 nist
1141 1158 1392 1223 quantum
1419 1145 1647 1211 volunt·‚
1694 1145 1848 1205 liberi
1874 1149 2011 1206 enim

271 1229 454 1306 fiemus
495 1227 563 1284 ab
606 1225 854 1284 omnibus.
941 1225 1195 1306 Qando
1225 1226 1494 1305 apparuit
1534 1246 1731 1287 coram
1755 1227 2015 1306 Impera-

240 1360 245 1361 ff
290 1323 422 1367 tore
466 1306 682 1365 Carolo
722 1307 925 1384 quinto
969 1309 1025 1364 in
1052 1305 1294 1365 comitiis
1335 1309 1524 1384 Spirae,
1588 1307 1646 1366 in
1676 1307 2013 1385 particulari

289 1389 543 1448 habebat
586 1386 949 1465 colloquium
990 1407 1120 1446 curn
1159 1386 1584 1466 archiepiscopo
1624 1387 1924 1465 Trevirenfi
1954 1400 2014 1453 δε

289 1471 568 1546 Joachimo
609 1467 879 1525 Electore
916 1467 1392 1546 Brandeburgenfi‚
1437 1468 1497 1524 δε
1536 1471 1667 1526 cum
1702 1469 1857 1527 nulla
1879 1490 2016 1528 con-

292 1548 568 1610 cordandi
611 1545 950 1628 possibilitas
986 1547 1300 1617 videretur,
1375 1548 1422 1619 †
1446 1551 1880 1628 interrogantibus
1908 1549 2015 1609 illis

293 1632 430 1713 quod
473 1631 567 1708 {pst
613 1629 956 1707 praestantius
1011 1628 1292 1688 remedium
1359 1629 1667 1700 videbatur,
1738 1630 2016 1707 respondit,

290 1712 561 1792 confilium
589 1709 902 1771 Gamalielis
939 1709 1014 1768 ad
1054 1709 1458 1786 Judaeos,p,vi2.
1490 1710 1642 1790 quod,
1674 1713 1730 1788 fi
1756 1727 1879 1787 opus
1907 1710 1967 1771 id
1982 1712 2020 1770 a*

295 1796 413 1856 Deo
447 1806 586 1864 erat,
616 1793 832 1869 staret3
862 1793 917 1870 fi
952 1791 1130 1861 aliter,
1176 1793 1518 1869 evanesceret,
1563 1793 1701 1872 quod
1745 1793 1916 1870 Papoe
1945 1795 2025 1852 ait

282 1877 593 1955 satisfacere
632 1873 847 1933 debere:
890 1894 1004 1932 non
1042 1872 1291 1943 dicebat,
1337 1873 1469 1952 quia
1509 1874 1812 1934 veritatem
1839 1875 2024 1953 profi-

299 1959 554 2026 tebatur,
603 1954 730 2014 ideo
769 1953 853 2014 illi
891 1954 1245 2034 parcendum
1286 1954 1429 2013 effe:
1482 1955 1627 2015 Hoc
1666 1955 1819 2014 enim
1841 1954 2026 2014 confi-

302 2037 447 2096 lium
507 2035 781 2115 supponit
831 2051 1082 2094 errantes
1150 2035 1384 2095 tolerari
1444 2037 1647 2115 poffe;
1730 2036 1791 2094 δε
1832 2052 2027 2096 tamen

302 2118 480 2259 <squam
519 2116 781 2176 citiflime
837 2114 991 2174 idem
1039 2116 1353 2187 LutheruS,
1401 2119 1534 2175 cum
1556 2116 1884 2195 adhucipse
1909 2137 2027 2176 non

330 2199 433 2259 atis
481 2214 638 2258 tutus
678 2196 868 2266 fuerit,
935 2216 1142 2276 urgere
1186 2196 1517 2256 Electorem
1559 2199 1803 2256 Saxoniae
1846 2198 2029 2277 coepit

306 2279 383 2339 ad
436 2278 605 2339 exilio
653 2277 1018 2338 afficiendum
1055 2276 1493 2353 Carolostadium‚
1555 2278 1738 2358 quiin
1761 2278 2031 2338 omnibus

306 2360 393 2420 illi
439 2361 492 2419 se
535 2359 870 2420 submittere
910 2378 1025 2419 non
1067 2359 1303 2437 potuit3
1347 2360 1407 2418 &
1456 2361 1610 2426 certe
1647 2380 1762 2418 non
1818 2359 2030 2439 absque

306 2442 473 2502 causa
523 2441 787 2510 refertur,
835 2439 997 2518 quod
1019 2439 1188 2519 ipfius
1229 2440 1474 2502 Lutheri
1498 2460 1597 2499 cor
1630 2441 2034 2519 compunxerit

306 2524 412 2600 (ita
461 2539 527 2583 ut
573 2520 958 2582 consolatione
1005 2527 1225 2599 egeret)
1269 2519 1653 2580 Carolostadii
1675 2520 1773 2580 illa
1792 2520 2034 2600 epistola

309 2602 747 2684 congregationi
793 2601 905 2661 suae
940 2600 1170 2680 scripta,
1214 2602 1315 2662 ubi
1342 2602 1581 2681 seipsum
1613 2601 1904 2663 hominem
1933 2623 2033 2662 ex-

309 2685 468 2744 ulem
517 2683 762 2746 Martini
821 2683 1067 2742 Lutheri
1112 2683 1517 2762 procuratione
1557 2682 1899 2763 designavit:
1973 2684 2036 2743 δε

310 2769 447 2825 curn
490 2763 810 2829 Lutherani
842 2763 903 2822 &
945 2763 1273 2823 Calvinistae
1314 2763 1365 2822 se
1402 2763 1671 2833 invicem,
1717 2765 1816 2823 ubi
1867 2779 2032 2843 pote-

312 2846 515 2906 statem
559 2843 791 2915 habent,
837 2865 951 2906 non
1010 2844 1282 2915 tolerant,
1328 2844 1385 2903 id
1408 2844 1636 2904 abunde
1657 2844 2028 2915 demonstrat,-

277 2974 280 2977 .
311 2928 472 3006 quod
515 2929 566 2985 in
602 2928 712 2987 hoc
760 2927 997 3005 negotio
1034 2946 1138 2983 nec
1181 2925 1496 2985 Pontificiis
1525 2945 1629 2984 nec
1653 2926 1886 2987 Arianis
1913 2944 2032 2984 me-

313 3009 480 3069 liores
530 3009 671 3068 sunt.
758 3007 1030 3068 Calvinus
1073 3023 1264 3067 tamen
1282 3006 1377 3066 ait.
1426 3009 1457 3082 §
1502 3009 1750 3066 Omnium
1771 3006 2032 3072 hominum

1785 3085 2032 3163 potestate

380 3287 412 3320 *
446 3287 591 3336 Luth.
618 3291 701 3337 lib.
740 3291 804 3338 de
830 3303 884 3338 ca
924 3288 1052 3339 tivit.
1087 3286 1392 3351 Babylonica.
1449 3284 1492 3346 Ἰ·-
1515 3283 1639 3336 Hist.
1673 3279 1847 3336 concil.
1878 3280 2028 3347 Did.

315 3354 400 3408 lib.
438 3368 484 3421 ις
545 3350 794 3416 §Calvim
821 3355 868 3408 in
914 3354 1024 3406 itut.
1056 3366 1164 3418 cap.
1202 3364 1283 3418 ἕρ.
1316 3349 1424 3403 sest·
1469 3361 1546 3408 14.
1703 3361 1706 3364 ’
