2086 3640
337 82 426 143 De
465 70 682 140 interna*
723 78 793 140 cs?
837 78 1159 139 immediata·
1187 76 1521 139 revelatione.
1702 95 1779 149 41

67 205 186 250 tem
228 185 554 256 ductorem,
618 183 880 264 quamvis
923 183 1183 244 nonnulli
1222 182 1364 244 fallo
1410 183 1464 242 se
1505 179 1608 240 illo
1655 177 1789 239 duci

61 267 463 351 praedicarunt.

41 365 45 369 ’
150 350 291 410 XV.
334 349 462 408 ET·
488 345 620 426 quia
647 344 889 425 Spiritus
926 346 1007 404 est
1035 345 1221 406 omnis
1248 344 1500 405 veritatis
1527 344 1592 404 ὅτ
1619 341 1792 401 rectae

20 451 26 455 ·
71 430 303 490 rationis
334 429 460 488 fons
499 431 563 489 &
588 426 778 505 origO,
822 426 967 505 ergo
1017 428 1160 487 bene
1197 426 1468 495 diximus,
1513 424 1672 507 quod
1687 443 1792 482 nec

68 511 377 591 Scripturae
425 507 772 579 testimoniO,
817 527 921 566 nec
957 508 1127 566 reaae
1158 507 1363 566 ratio-ni
1407 505 1800 567 contradicere·

72 592 276 672 potest.
361 593 667 660 Attamen,
711 604 778 649 ut
805 587 971 648 thefis
1010 588 1128 667 ipsa
1157 587 1471 658 concludit,
1518 589 1618 664 (ad
1638 585 1795 665 cujus

67 673 333 731 ultimam
374 687 600 752 partem
627 691 777 730 nunc
819 668 1102 748 venimus)
1176 681 1195 706 ‘
1238 669 1359 728 inde
1401 691 1503 728 non
1529 672 1789 749 sequitur,
1824 716 1838 726 s

73 765 95 792 ⁶
137 753 274 833 quod
294 755 376 813 ha·
411 753 756 812 revelationes
783 751 982 811 divinoe
1005 751 1079 811 ad
1101 764 1372 810 externum
1394 752 1794 828 Scripturarum

68 849 94 875 ⁴
133 837 493 911 testimonium,
557 849 653 895 aut
685 837 843 894 etiam
887 833 964 893 ad
1013 835 1268 892 rationem
1316 832 1642 902 naturalem,
1701 835 1796 908 seu

72 929 92 956 ‘
135 919 444 987 humanam,
489 929 744 996 tanquam
777 915 852 974 ad
882 915 1185 975 nobiliorem
1240 927 1336 974 aut
1375 917 1643 973 certiorem
1672 933 1797 972 nor-

32 1004 93 1036 ‘⁴
135 1020 296 1068 mam,
342 997 413 1059 ἔθ’
462 998 694 1072 amuffim
735 997 1104 1056 examinanda>
1129 1000 1286 1075 sint:
1330 1018 1455 1054 nam
1477 996 1666 1054 divina
1710 1014 1797 1051 re-

74 1090 95 1118 ‘
131 1079 351 1149 velatio,
397 1079 469 1139 {9³
511 1079 832 1146 illuminatio
885 1082 1098 1138 interna
1145 1083 1221 1138 eft
1275 1078 1545 1157 quiddam,
1608 1092 1714 1152 per
1735 1078 1802 1150 se

75 1171 94 1199 ‘
135 1162 364 1230 evidens,
411 1161 482 1222 ἐφ’
530 1160 757 1231 clarum,
816 1161 1134 1220 intelteetum
1162 1161 1288 1221 hene
1345 1160 1634 1243 disposttum
1667 1171 1799 1232 pro-
1876 1231 1878 1242 J

74 1253 94 1279 ‘
126 1244 264 1319 prid
290 1242 560 1303 evidentia*
614 1242 684 1303 &2⁹
729 1243 979 1304 claritate
1044 1263 1217 1322 cogens
1279 1241 1356 1301 aa'
1406 1237 1796 1319 afflntiendum,

72 1334 93 1359 ‘
134 1338 288 1403 atque
336 1324 757 1403 insuperabiliter
802 1345 1009 1384 movens
1066 1326 1135 1387 &
1181 1326 1416 1404 flebilem,
1479 1341 1581 1380 non
1626 1319 1801 1377 minus

75 1417 95 1443 ‘
135 1427 292 1485 quam
325 1408 598 1484 principia
629 1409 920 1465 communia
961 1411 1253 1467 veritatum
1301 1403 1636 1465 naturalium
1692 1423 1801 1458 mo·-

75 1497 96 1524 ‘
136 1501 285 1558 vent,
342 1490 665 1568 flebl‘untque
713 1491 948 1548 animum
1008 1489 1084 1548 ad
1151 1490 1399 1568 affi’nsum
1475 1481 1801 1558 naturalem.-

72 1568 195 1707 (ἒιί
233 1569 377 1628 hanc
413 1567 822 1648 propositionis
858 1585 1085 1648 partem
1127 1587 1324 1648 negat,
1371 1567 1536 1625 illum
1566 1578 1808 1643 oportet

69 1670 104 1708 a
173 1669 381 1720 rmare,
425 1650 583 1729 quod
608 1649 849 1728 Spiritus
879 1650 990 1708 Dei
1017 1671 1122 1708 nec
1150 1650 1362 1729 potest,
1407 1667 1510 1706 nec
1546 1665 1802 1723 unquam

73 1729 454 1790 manifestavit
480 1731 533 1788 se
570 1729 898 1790 hominibus
928 1729 1042 1793 sine
1069 1731 1387 1809 Scriptura,
1435 1731 1524 1786 seu
1543 1724 1805 1785 distincta

71 1811 305 1871 rationis
340 1810 724 1870 discurfione:
784 1813 876 1870 vel
915 1814 1072 1891 quod
1118 1813 1368 1871 efficacia
1408 1807 1569 1887 hujus
1611 1808 1804 1885 super-

70 1893 341 1952 naturalis
378 1891 661 1972 principii,
734 1913 974 1974 operans
1026 1895 1081 1954 in
1127 1894 1427 1953 hominum
1482 1889 1800 1958 animabus,

75 1973 262 2032 minus
304 1973 534 2032 evidens
578 1973 668 2044 fit,
712 1993 888 2052 quam
917 1975 1191 2056 principia
1228 1972 1507 2034 naturalia
1540 1972 1595 2029 in
1643 1990 1804 2029 com-

74 2056 340 2117 munibus
388 2054 492 2113 suis
521 2055 948 2135 operationibus
983 2082 1001 2124 ;
1065 2078 1316 2138 quorum
1361 2071 1669 2132 utrumque
1700 2051 1803 2110 fal-

72 2136 198 2195 sum
251 2136 351 2195 est.
438 2137 600 2196 Nam
643 2136 855 2216 primo,
918 2158 1020 2216 per
1073 2154 1259 2199 totam
1296 2138 1651 2217 Scripturam
1697 2135 1806 2192 ob-v

71 2217 412 2277 servandum
440 2218 545 2288 est,
591 2217 1086 2291 manifestationeS,
1132 2222 1194 2280 δε
1251 2218 1623 2281 revelationes
1667 2216 1803 2284 Dei,

73 2318 179 2378 per
221 2298 523 2378 Spiritum,
571 2298 935 2369 PatriarchiS,
1011 2301 1337 2382 Prophetis,
1398 2301 1461 2358 &
1504 2297 1807 2378 Apostolis

73 2379 232 2439 fuiffe
280 2380 660 2450 immediataS,
726 2384 787 2442 &
832 2379 1163 2458 objectivas,
1236 2399 1303 2442 ut
1344 2382 1475 2441 ante
1532 2381 1802 2460 probavi,

74 2481 213 2541 quas
241 2460 324 2521 illi
364 2461 526 2521 nullo
582 2461 698 2521 alio
741 2463 1024 2543 principio
1051 2464 1471 2533 examinabant,
1535 2462 1628 2520 sed
1669 2482 1806 2541 pro-

75 2543 219 2622 priae
266 2543 568 2603 evidentiae
615 2545 676 2602 ὅτ
721 2543 992 2603 claritatis·
1039 2547 1198 2606 causa
1257 2545 1624 2624 recipiebant.
1709 2545 1804 2601 Se—

75 2624 289 2697 cundo,
335 2624 525 2684 dicere
568 2625 845 2705 Spiritum
876 2625 986 2685 Dei
1034 2628 1316 2687 minorem
1368 2625 1709 2685 evidentiam
1749 2624 1803 2682 in

64 2703 378 2765 ‘hominum
407 2706 702 2766 animabus
732 2706 962 2779 habere,
1007 2708 1183 2787 quam
1204 2706 1478 2789 principia
1500 2707 1800 2775 naturalia,

77 2785 160 2843 est
202 2785 439 2864 quidem
483 2787 649 2847 nimis
698 2787 939 2866 abjecte,
982 2791 1048 2848 &
1075 2790 1267 2849 viliter
1302 2790 1373 2848 de
1407 2789 1507 2847 illo
1554 2789 1801 2847 sentire:

75 2865 227 2925 unde
273 2867 364 2936 fit,
425 2869 582 2947 quod
619 2868 824 2928 invitat
867 2890 968 2927 nos
999 2870 1191 2929 David
1232 2874 1460 2953 gustare,
1508 2872 1577 2931 {9⁹
1622 2870 1808 2930 videre

75 2947 254 3007 Deum
282 2948 376 3026 effl’
401 2950 586 3009 bonum
619 2974 637 3016 ·‚
683 2948 724 3007 fi
759 2950 869 3009 hoc
896 2972 999 3010 nec
1025 2954 1362 3032 gustarifnec
1389 2953 1568 3011 videri
1607 2953 1800 3031 poflit,

78 3028 192 3117 ¹¹9⁶
237 3029 472 3108 quidem
522 3031 803 3090 sufficeret
829 3031 1112 3093 destruere
1159 3034 1360 3107 fidem,
1406 3035 1468 3092 &
1512 3033 1806 3093 confiden-

78 3107 222 3200 tiam
255 3111 601 3183 sanctorum,
646 3112 710 3170 δε
737 3112 1094 3185 hodiernam,
1140 3121 1202 3180 δε
1229 3110 1600 3196 praeteritam.
1662 3115 1806 3173 Non

79 3189 193 3249 alio
222 3191 401 3251 modo
445 3193 674 3272 (procul
703 3195 860 3252 omni
889 3195 1091 3276 dubio)
1133 3197 1419 3276 persuasus
1457 3198 1536 3256 est
1568 3196 1800 3266 Paulus,

85 3272 222 3332 nihil
272 3296 386 3337 eum
420 3275 680 3356 separare
704 3276 924 3357 potuzffi’
949 3279 1017 3343 ab
1050 3299 1226 3342 amore
1251 3281 1378 3354 Dei,
1421 3279 1522 3343 nisi
1567 3279 1631 3419 eg}
1688 3278 1804 3367 eyi—

1629 3358 1798 3430 ennii,
