2086 3640
234 50 354 125 478
469 45 846 129 THESJS
884 0 1334 114 DECIMA
1370 49 1798 134 QUINTA.

231 157 486 238 repletus
545 157 626 216 est
674 160 847 216 variis
878 159 1219 235 juramentis,
1266 157 1555 218 maledietis
1596 162 1975 224 malediciioni·

228 239 345 310 bus,
412 239 717 318 blasphemis
755 239 1225 317 profanationibus
1273 240 1343 301 &
1386 241 1660 319 her-rendis
1699 247 1974 327 perjuriis,

229 320 310 386 ita
357 322 560 381 exinde
597 340 702 401 per
738 337 1143 400 contemptum
1186 321 1434 397 ejusdem
1465 321 1609 402 legis
1629 339 1787 398 totus
1806 347 1973 388 mun-

226 404 332 462 dus
363 404 619 482 repletur
665 401 946 474 violentici‚
1013 403 1338 480 oppreffione‚
1383 401 1626 476 caedibm,
1674 399 1974 485 stupratio-

225 486 379 546 nibus
399 505 622 545 uxorum
641 484 709 545 ὅθ
738 486 1037 564 virginum,
1069 485 1492 564 spoliationibus,
1529 485 1971 565 proedationibus,

226 567 497 637 incendiis,
543 567 911 643 exustionibus,
960 565 1028 629 δ’
1081 569 1244 626 omnis
1260 571 1471 648 generis
1508 566 1742 646 lascivia
1768 590 1976 631 ac-cru-

227 649 481 709 delitate:
546 647 692 708 adeo
734 664 801 707 ut
839 648 1053 708 mirum
1086 648 1172 720 fit,
1221 649 1500 727 hominm,
1546 648 1626 727 ad]
1657 648 1973 732 imaginem

227 730 339 789 Dei
368 730 653 802 conditOS,
699 730 941 809 potuifl'e
980 730 1034 789 in
1079 746 1308 791 tantum
1347 730 1716 812 degenerare,
1760 750 1831 793 ut
1869 754 1978 814 po·

226 811 337 871 tius
386 810 638 872 referant
684 811 999 891 imaginem
1044 811 1104 870 &
1159 829 1429 872 naturam
1467 813 1701 873 leonum
1743 814 1976 906 rugien-

225 893 394 965 tium,
443 893 746 975 tygridum
768 893 1189 964 dilaniantium‚
1224 895 1501 973 luporum
1540 892 1970 969 devorantium,

224 975 289 1033 ὅτ,
336 977 605 1035 ursorum
635 974 1015 1046 saevientium,
1079 976 1254 1056 quam
1287 992 1682 1036 creaturarum
1730 977 1981 1039 rationa-

225 1057 371 1118 lium
403 1057 695 1118 intellectu
726 1056 1142 1136 pr-aeditarum:
1188 1056 1308 1116 imo
1337 1057 1523 1117 adhuc
1561 1056 1751 1118 multo
1789 1059 1976 1140 magis
2039 1121 2044 1126 ,

222 1139 468 1221 dignum
497 1139 578 1198 est
627 1138 1026 1210 admiratione,
1094 1140 1204 1199 hoc
1243 1139 1595 1199 horrendum
1646 1139 1970 1202 monstrum

223 1222 421 1283 locum
454 1219 703 1280 invenire
734 1221 889 1299 posse
928 1221 990 1278 &
1034 1219 1218 1281 foveri
1263 1220 1319 1279 in
1357 1220 1421 1280 iis
1485 1214 1836 1294 hominibuS,
1869 1222 1971 1302 qui

222 1304 278 1364 se
320 1302 588 1382 discipulos
628 1303 843 1379 pacifici
895 1303 1055 1380 nostri
1098 1304 1333 1384 magistri
1372 1304 1503 1382 Jefic
1543 1303 1748 1379 Christi
1798 1303 1969 1382 profi-

222 1400 423 1456 tentur,
470 1385 569 1466 qui
610 1393 712 1457 m'l'
764 1393 942 1467 ἐξοχὴν
1007 1386 1262 1462 Princeps
1296 1387 1450 1463 pacis
1469 1401 1736 1455 vocatur,
1780 1384 1840 1444 &
1867 1385 1975 1446 suis

223 1467 480 1548 expreffe
521 1471 684 1528 omni
730 1468 1006 1530 violentia
1055 1465 1375 1536 interdimt,
1440 1487 1507 1526 ac
1553 1463 1757 1529 contra
1811 1487 1976 1527 man-

222 1549 407 1620 davit,
455 1566 520 1609 ut
553 1549 627 1609 ad
647 1551 981 1631 exemplum
1012 1547 1173 1605 suum
1198 1546 1557 1627 patientiam,
1605 1545 1969 1620 charitatem,

225 1631 616 1704 tolerantiam,
650 1633 710 1691 &
751 1632 888 1694 alias
927 1627 1253 1691 Christiano
1275 1628 1476 1709 dignas
1501 1627 1746 1688 virtutes
1781 1627 1977 1709 seque-

227 1729 443 1773 rentur.

308 1797 582 1856 Auum-1
627 1794 826 1875 igitur,
874 1793 1013 1876 quid
1035 1793 1128 1853 hic
1179 1811 1422 1885 magnus
1444 1790 1765 1873 Propheta,
1795 1813 1971 1874 quem

221 1877 411 1937 omnis
452 1875 642 1938 anima
688 1878 790 1938 sub
839 1875 1014 1958 poena
1057 1872 1549 1936 exterminationis
1578 1872 1781 1934 audire
1815 1874 1972 1936 teric-

221 1974 343 2030 tur,
389 1957 545 2018 dicat
592 1959 814 2019 Matth.
845 1979 903 2018 v.
938 1958 986 2033 ,a
1030 1977 1150 2015 ver.
1205 1959 1301 2034 38.
1349 1956 1523 2037 usque
1550 1955 1627 2015 ad
1660 1955 1845 2030 >finem
1874 1977 1968 2018 ca-

222 2039 376 2120 pitis„
461 2039 553 2098 Sic
590 2039 743 2111 enim
787 2040 904 2100 ait:
981 2038 1216 2114 Audistis
1278 2041 1406 2119 quia
1446 2038 1644 2099 dietum
1690 2038 1784 2115 est,
1818 2050 1970 2099 'ocu-

222 2121 334 2180 lum
374 2137 478 2199 pro
519 2121 682 2191 ocule,
731 2122 800 2183 ἐς)
843 2120 1042 2180 dentem
1083 2136 1186 2197 pro
1227 2117 1390 2180 dente.
1479 2120 1593 2199 Ego
1627 2131 1804 2187 autem
1852 2119 1964 2185 dico

221 2205 391 2273 vobis,
439 2225 540 2263 non
573 2204 804 2281 rcfistere
847 2201 988 2261 malo
1009 2224 1028 2260 :
1077 2201 1176 2280 'sed
1195 2201 1250 2278 st
1297 2205 1407 2282 quis
1470 2213 1521 2261 te
1557 2200 1866 2280 percuſjerit
1910 2203 1968 2262 in

220 2284 491 2344 dexteram
521 2285 802 2346 maxillam
828 2298 1000 2354 tuam,
1039 2283 1227 2360 praebe
1266 2283 1352 2342 illi
1374 2283 1444 2344 ΕΒ
1485 2281 1715 2342 alteram
1737 2303 1756 2340 :
1801 2281 1870 2343 ὅ
1893 2285 1971 2354 εἰ,

220 2370 311 2446 qui
352 2366 477 2428 vult
527 2379 694 2428 tecum
736 2370 792 2427 in
825 2365 1026 2446 judicio
1068 2363 1387 2436 contendere,
1444 2364 1514 2426 ἑά
1552 2366 1785 2424 tunicam
1814 2376 1965 2424 tuam

219 2447 425 2519 tollere,
494 2449 697 2509 dimitte
737 2453 783 2508 ei
826 2447 895 2508 ἐξ
943 2445 1206 2524 pallium:
1269 2446 1340 2508 ΕΒ
1381 2449 1669 2526 quicunque
1709 2447 1967 2526 angaria-

219 2534 367 2590 verit
411 2530 559 2591 mille
590 2532 794 2611 paffits,
839 2529 1001 2588 vade·
1022 2549 1138 2587 cum
1187 2526 1281 2586 illo
1318 2527 1434 2587 alia
1473 2528 1591 2588 duo,
1676 2525 1794 2608 Qi
1824 2530 1963 2604 petit

221 2614 256 2669 ἁ
304 2626 372 2682 te,
419 2613 491 2672 da
533 2616 580 2672 ei
615 2639 632 2678 ·,
699 2613 768 2674 69³
817 2610 1020 2669 volenti
1068 2611 1309 2668 mutuari
1358 2611 1393 2668 ὰ
1443 2623 1512 2681 te,
1559 2626 1624 2669 ne
1671 2610 1962 2673 avertaris.

220 2694 461 2769 Audistis
502 2698 626 2774 quia
664 2695 860 2754 dietum
900 2693 990 2767 est,
1058 2690 1236 2771 diliges
1262 2693 1571 2768 proximum
1609 2702 1775 2750 tuum.
1848 2690 1967 2771 Ego

220 2789 393 2835 autem
432 2776 540 2835 dico
568 2778 738 2846 vobis,
786 2775 986 2853 diligite
1033 2775 1262 2833 inimicos
1297 2772 1515 2848 vestros,
1561 2772 1845 2849 benefacite
1882 2771 1973 2845 his-

220 2859 310 2938 qui
341 2858 561 2916 oderunt
589 2880 706 2928 vos,
754 2858 823 2920 &
864 2867 1013 2913 orate
1043 2871 1147 2931 pro
1186 2854 1610 2933 persequentibus
1655 2853 1725 2914 ὅ
1758 2851 1964 2912 calum·

218 2940 489 3000 niantibus
516 2960 613 2998 vos
636 2963 654 2998 .·
722 2951 782 2998 ut
807 2940 930 3015 fitis
950 2936 1070 3010 filii
1100 2938 1280 3014 patris
1323 2937 1510 3012 vestri,
1575 2937 1665 3014 qui
1705 2936 1761 2993 in
1818 2932 1958 2993 caelis

217 3022 310 3097 est,
358 3024 448 3102 qui
472 3021 636 3098 solem
670 3025 829 3098 situm
869 3021 1002 3078 oriri
1034 3018 1181 3095 facit
1203 3017 1369 3095 super
1388 3017 1537 3077 bonos
1567 3017 1638 3080 ΕΩ*
1667 3013 1852 3086 malos,
1885 3013 1958 3075 &

212 3103 356 3180 pluit
381 3105 544 3180 fitper
572 3104 738 3183 justos
789 3101 857 3163 &²
909 3101 1132 3180 injustos.
1190 3101 1246 3175 st
1294 3101 1429 3159 enim
1478 3098 1693 3178 diligitis
1734 3117 1812 3156 eos
1863 3098 1954 3174 qui

219 3203 313 3243 vos
342 3183 590 3269 diligunt,
636 3206 793 3263 quam
822 3180 1103 3244 mercedem
1136 3181 1391 3244 habebitis
1419 3179 1451 3238 ?
1496 3177 1688 3242 Nonne
1714 3177 1786 3241 ξεῖ
1803 3175 1966 3317 lpubj

1219 3276 1223 3282 ’
1662 3302 1664 3306 .
1752 3302 1754 3304 -
1826 3276 1964 3318 icant

2020 3492 2042 3640 “fu-*hne-
2031 3407 2042 3478 mu:-
2035 3326 2043 3389 ,ι-,ψλ
2040 3303 2042 3308 ,
