2086 3640
383 34 473 94 De
510 31 725 93 internd
766 31 837 94 &3
878 32 1185 93 immediatd
1224 34 1562 96 revelatione.
1774 61 1844 124 13

125 138 302 218 igitur
337 157 453 196 non
490 137 694 207 utitur,
739 136 906 196 illum
950 157 1055 198 nec
1091 138 1267 210 nosse,
1312 160 1416 199 nec
1458 140 1530 201 ad
1573 160 1707 202 eum
1750 144 1852 222 ap-

120 218 507 299 propinquare
535 215 739 296 potest.
1323 219 1326 221 “

56 351 59 355 ,
203 298 307 358 VI.
355 299 637 359 P0s1T0
677 297 857 376 igitur
885 297 995 357 hoc
1039 300 1232 378 primo
1271 301 1595 374 Postulato,
1654 301 1728 378 ad
1771 301 1852 363 se-

33 438 38 441 ,
123 380 376 439 cundum
404 378 595 448 veni0,
640 378 776 458 quod
805 377 962 438 nulla
988 382 1067 454 stt
1097 383 1308 461 cognitio
1338 382 1469 442 Filii
1486 386 1584 460 nist
1601 400 1706 461 per
1733 385 1853 461 Spi-

121 465 286 521 ritum
315 483 334 518 .·
381 460 475 538 seu
503 457 638 541 quod
675 459 934 521 revelatio
965 460 1115 532 Filii,
1161 465 1215 521 in
1254 464 1408 524 rebus
1443 465 1688 537 Divinis,
1739 467 1853 541 fiat

107 559 215 622 per
241 542 510 618 Spiritum.
1869 546 1872 549 ’

201 621 699 684 OBSERVANDUM
723 621 826 693 est,
869 620 1028 702 quod
1063 621 1285 703 semper
1318 623 1528 704 loquor
1557 627 1627 686 de
1662 626 1854 687 saluti-

118 701 263 774 ferii,
307 705 485 775 certa,
530 703 592 762 &
618 702 918 764 necefl'aria
964 702 1075 761 Dei
1104 704 1455 783 cognitione,
1518 729 1648 786 quae
1697 707 1856 788 quod

121 803 239 843 non
272 782 598 863 acquiratur
631 783 890 854 aliundE,
947 781 1052 844 ›nifi
1089 784 1329 864 Spiritu,
1390 786 1653 865 pluribus
1693 789 1858 848 lucu-

119 864 286 925 lentis
313 865 743 943 Scripturarum
785 863 1120 927 testimoniis
1162 865 1335 925 etiam
1367 869 1602 945 patebit.
1691 871 1856 929 Nam

120 945 280 1023 Jesus
310 946 588 1018 ChristuS,
648 947 707 1005 in
734 966 852 1025 quo
879 944 941 1004 ὅτ,
981 965 1085 1024 per
1127 966 1301 1025 quem
1341 948 1514 1007 Pater
1544 949 1856 1020 revelatur,

119 1026 361 1106 seipsum
405 1027 583 1086 etiam
625 1027 845 1087 revelat
869 1025 1156 1106 discipulis
1188 1027 1249 1085 δε
1293 1028 1491 1087 amicis
1534 1030 1641 1088 suis
1697 1030 1754 1090 in
1794 1031 1859 1088 δε

122 1127 227 1189 per
254 1107 551 1188 Spiritum.
634 1108 795 1167 Sicut
829 1108 984 1168 enim
1007 1106 1389 1167 manifestatio
1417 1107 1533 1187 ejus
1562 1110 1706 1168 olim
1736 1126 1860 1169 erat

120 1204 377 1259 externa,
420 1188 565 1248 dum
601 1187 660 1248 in
706 1190 816 1251 hoc
848 1190 990 1248 orbe
1010 1189 1313 1249 veritatem
1360 1191 1592 1250 testatus
1629 1190 1731 1261 est,
1776 1191 1859 1249 se-

121 1289 234 1349 que
269 1269 502 1329 fidelem
544 1271 601 1329 in
634 1271 903 1330 omnibus
931 1270 1199 1350 praestitit
1228 1291 1241 1328 :
1295 1273 1494 1342 Nune,
1540 1271 1732 1351 quoad
1760 1292 1860 1331 ex-

118 1366 352 1410 ternum
384 1350 680 1412 hominem
710 1367 986 1423 remotUS‚
1031 1351 1222 1423 docet,
1267 1352 1328 1410 δε
1357 1353 1582 1412 instruit
1620 1351 1747 1412 suos
1776 1353 1860 1411 in-

122 1447 215 1491 tus
258 1432 358 1492 suo
412 1431 647 1512 Spiritu.
692 1487 708 1501 ,
735 1435 874 1494 Ecce*
915 1435 1031 1507 stat
1078 1432 1154 1493 ad
1190 1434 1371 1510 ostium
1421 1435 1490 1495 ὅ
1517 1434 1718 1512 pulsat,
1775 1436 1861 1510 Ji-

120 1517 235 1594 quis
298 1514 450 1574 audit
493 1532 671 1575 vocem
737 1517 844 1595 ejus
909 1515 980 1575 ἐξ
1036 1517 1226 1592 aperit,
1311 1519 1483 1575 intrat
1538 1516 1612 1574 ad
1679 1514 1857 1585 illum,

123 1596 319 1675 Apoc.
376 1594 453 1654 iii.
507 1614 603 1655 20.
688 1593 782 1655 De
835 1598 947 1674 qua
988 1595 1350 1670 ⁹revelatione:
1408 1596 1622 1655 Christi
1676 1596 1732 1655 in
1781 1595 1858 1666 se,

124 1674 339 1736 Pa'ulus
377 1675 634 1764 loquitur
669 1675 744 1735 ad
786 1675 920 1734 Gal.
965 1675 1000 1734 i.
1041 1694 1131 1751 15.
1216 1677 1284 1736 In
1321 1676 1433 1758 qua
1461 1676 1862 1737 excellentiam

125 1755 421 1816 ministerii
437 1775 575 1833 eJu3‚
617 1754 1102 1816 &certitudinem
1128 1757 1447 1818 vocationis
1476 1757 1673 1838 ponit.
1718 1759 1866 1817 Hoc

122 1837 302 1897 etiam
338 1838 723 1896 confirmatur
769 1837 1142 1917 promiffione
1176 1838 1391 1898 Christi
1419 1839 1493 1898 ad
1519 1839 1821 1919 discipulos
1843 1861 1862 1897 :

124 1917 283 1978 Ecce
327 1937 440 1999 ego
482 1917 781 1978 vobiscum
824 1919 949 1978 sum
981 1918 1154 1999 usque
1190 1920 1264 1980 ad
1308 1921 1866 1980 consummationem

123 1999 313 2059 seculi.
400 1997 709 2064 Praesentia
760 1999 915 2060 enim
952 1999 1077 2060 haec
1125 2000 1206 2062 est
1251 2001 1471 2062 interna
1514 2001 1576 2060 δε
1619 2002 1865 2083 Spiritu-

124 2080 251 2152 alis,
299 2095 365 2140 ut
391 2079 644 2141 fatentur
671 2102 894 2152 omnes,
937 2081 1031 2144 sed
1057 2082 1127 2142 de
1156 2083 1268 2143 hoc
1295 2083 1491 2164 postea
1519 2082 1693 2143 fufius
1715 2083 1864 2143 dice·

125 2177 240 2222 tur.
347 2161 544 2242 Hujus
604 2162 1012 2244 propositionis
1053 2165 1464 2244 probationem
1518 2185 1590 2225 ex
1639 2165 1866 2224 duobus

125 2243 443 2324 Scripturae
472 2243 805 2305 testimoniis
821 2244 1120 2306 deducam.
1167 2247 1436 2308 Primum
1455 2262 1636 2317 extat,
1669 2269 1692 2307 1
1724 2247 1865 2305 Cor.

129 2325 184 2384 ii.
226 2347 323 2396 11,
378 2344 468 2385 12.
551 2326 690 2405 Qis
735 2330 873 2387 enim
919 2326 1182 2388 hominum
1222 2331 1325 2408 stit
1380 2350 1496 2408 qua>
1526 2330 1655 2406 sunt
1702 2329 1866 2387 homi-

128 2410 230 2479 nis,
276 2409 374 2484 nist
410 2409 640 2485 Spiritus
685 2407 924 2479 hominis,
970 2411 1060 2490 qui
1106 2413 1162 2470 in
1210 2412 1311 2488 ipso
1366 2414 1444 2468 esi
1472 2411 1502 2467 ?
1546 2414 1627 2469 ita
1657 2409 1725 2470 &
1750 2431 1867 2489 qua.-

130 2490 241 2549 Dei
292 2491 422 2567 sunt
471 2510 617 2548 nemo
663 2492 899 2571 cognovit
952 2492 1050 2566 nist
1097 2493 1326 2570 Spiritus
1367 2491 1493 2550 Dei.
1600 2490 1727 2548 Non
1770 2493 1868 2572 igi-

126 2581 223 2630 tur
289 2572 547 2649 Spiritum
604 2572 757 2652 hujus
812 2570 993 2631 mundi
1048 2576 1352 2651 accepimus,
1426 2571 1525 2651 secl
1589 2572 1863 2650 Spiritum,

129 2655 220 2732 qui
258 2671 322 2711 ex
368 2652 485 2711 Deo
531 2658 627 2722 esi,
693 2665 753 2712 ut
777 2652 1025 2729 stiamus,
1090 2675 1207 2734 qua>
1258 2656 1295 2713 ἂ
1348 2654 1463 2713 Deo
1507 2651 1702 2712 donata
1740 2656 1870 2732 fitnt

130 2733 291 2802 nobis,
380 2733 701 2812 Apostolus
738 2733 796 2792 in
835 2733 1126 2813 prioribus
1154 2734 1408 2794 verfibus
1437 2734 1550 2793 scil.
1582 2755 1640 2793 v.
1671 2755 1728 2813 9.
1754 2736 1866 2792 &a

133 2812 373 2892 loquens
409 2814 481 2872 de
514 2814 874 2876 mirabilibus
903 2814 1036 2885 illis,
1096 2835 1230 2896 quae
1270 2816 1500 2896 paravit
1539 2816 1694 2874 Deus
1734 2816 1865 2887 suis',

132 2894 444 2974 postquam
477 2894 813 2956 declaravit
864 2894 1025 2975 quod
1074 2895 1113 2954 a·
1166 2896 1415 2957 naturali
1471 2897 1704 2956 homine
1752 2918 1869 2957 non

133 2976 716 3053 comprehendantur,
761 2975 942 3047 addit,
985 2977 1150 3036 versu
1187 2999 1278 3039 10.
1337 2977 1497 3057 quod
1542 2977 1869 3037 revelantur

133 3076 238 3137 per
271 3056 551 3135 Spiritum
569 3056 698 3117 Dei.
771 3056 950 3142 Cujus
987 3056 1089 3119 dat
1108 3058 1252 3119 hanc
1277 3059 1581 3129 rationem,
1626 3062 1869 3139 quoniam

134 3140 362 3215 Spiritus
425 3141 599 3198 omnia
625 3141 923 3216 strutatur,
997 3141 1156 3199 etiam
1219 3139 1491 3219 profunda
1538 3141 1662 3202 Dei.
1750 3141 1870 3200 De-

138 3218 268 3283 inde
309 3219 802 3306 comparationem
854 3219 1022 3285 infert
1054 3223 1329 3297 versibus,
1373 3241 1517 3304 quos
1560 3223 1693 3283 ante
1721 3222 1869 3315 ‘cita-

1678 3321 1871 3363 vimus
