2086 3640
693 117 786 183 De
824 124 1131 201 Scripturis.
1701 147 1774 203 51

134 227 564 292 Pamenmms
609 226 1065 287 Christianorum
1095 228 1294 307 regula
1325 229 1424 291 sub
1456 223 1781 309 Evangelio

24 329 166 382 ,non
203 309 284 369 est
324 323 559 368 externa
593 304 782 380 litera,
828 326 932 367 nec
971 309 1066 367 lex
1104 309 1262 368 extra
1315 311 1539 392 scripta,
1584 312 1678 370 sed
1700 314 1783 373 est

4 466 8 469 .
48 386 291 462 interna,
337 387 638 470 spiritualis
683 387 798 458 lex,
845 386 901 447 in
944 389 1116 448 corde
1150 388 1336 461 inlita,
1384 393 1477 452 lex
1505 391 1781 454 nimirum

49 472 277 552 spiritus
293 470 453 542 vitae‚
498 469 745 529 verbum
782 489 964 550 prope
994 468 1050 527 in
1093 490 1193 529 ore
1230 471 1371 531 &in
1417 473 1624 532 corde:
1669 475 1780 535 Sed

49 553 214 614 litera
241 551 556 632 Scripturae
583 555 817 610 externa
854 550 955 619 est,
1002 570 1074 609 ex
1108 551 1160 609 se
1200 570 1448 624 mortua,
1497 574 1655 615 mera
1683 555 1781 615 de·-

50 633 291 694 claratio
323 635 634 703 bonorum,
679 629 774 690 sed
807 649 924 692 non
961 629 1078 709 ipsa
1111 633 1262 691 bona
1288 654 1301 690 :
1348 633 1513 714 Ergo
1543 655 1646 694 nec
1674 637 1778 708 est,

48 734 152 776 nec
195 714 302 774 effe
339 713 526 794 potest
572 710 902 793 principalis
943 709 1401 772 Christianorum
1450 716 1668 794 regula.

127 794 234 855 ΙΙΙ.
278 792 500 866 Immo,
545 793 704 875 quod
729 791 1058 855 Christianis
1096 811 1207 872 pro
1236 794 1433 873 regula
1457 797 1645 867 datur,
1680 819 1782 857 ne·-

46 873 277 936 ceffario
309 892 544 955 oportet
583 875 663 935 ita
698 875 965 955 amplum
983 873 1111 942 effe,
1159 889 1226 932 ut
1253 874 1407 934 clare
1437 877 1497 936 &
1518 877 1781 938 distincte

22 957 218 1020 ‚ducat
242 954 572 1016 &instruat
614 956 747 1015 illos
787 955 844 1016 in
886 954 1177 1027 omnibus,
1223 976 1354 1035 quae
1397 958 1621 1017 occurri
1650 960 1779 1038 pos-

24 1037 213 1106 .sunt;
276 1035 387 1098 Sed
413 1058 595 1118 quum
627 1036 979 1118 reperiantur
1004 1034 1322 1107 innumera,
1388 1058 1539 1118 quze,
1587 1040 1780 1117 quoad

43 1116 491 1194 circumstantias
518 1119 580 1178 &
611 1118 798 1188 aliter,
843 1116 1282 1198 particularium
1323 1120 1781 1179 Christianorum

45 1200 300 1274 multum
351 1199 606 1260 interefl'e
655 1199 904 1280 poffunt,
967 1198 1039 1258 de
1086 1197 1291 1278 quibus
1338 1200 1498 1259 nulla
1543 1201 1781 1279 praecisa

45 1281 248 1360 regula
275 1281 330 1341 in
366 1278 674 1361 Scripturis
702 1278 989 1341 invenitur
1023 1304 1039 1346 ;
1085 1279 1215 1339 ideo
1250 1280 1543 1361 Scriptura
1581 1282 1781 1360 nequit

41 1357 108 1421 iis
137 1364 245 1422 effe
287 1362 527 1443 regula:
571 1381 709 1422 narn
744 1382 918 1422 nemo
963 1360 1209 1431 dubitat,
1256 1363 1393 1441 quin
1415 1362 1651 1442 quidam
1674 1364 1780 1421 ho-

43 1443 221 1503 mines
269 1441 588 1523 specialiter
622 1442 818 1502 vocati
847 1442 957 1502 fint
995 1441 1070 1501 ad
1112 1442 1480 1521 particularia
1507 1443 1778 1523 quaedam

42 1523 368 1596 ministeria,
415 1525 472 1584 in
509 1523 716 1604 quibus
756 1523 860 1583 nifi
896 1521 1208 1594 versentur,
1254 1523 1390 1582 licet
1410 1546 1525 1584 non
1556 1524 1625 1582 fit
1652 1526 1778 1583 uni-

0 1639 2 1653 2
40 1604 257 1664 versale
305 1604 622 1684 pofitjvum
660 1620 1042 1685 praeceptum,
1109 1604 1166 1661 in
1209 1625 1279 1664 eo
1338 1621 1550 1676 tamen,
1615 1606 1774 1684 quod

39 1687 117 1745 ab
158 1685 273 1744 illis
287 1721 298 1726 -v
312 1686 588 1766 exigitur,
651 1685 908 1766 graviter
947 1700 1190 1765 peccant
1222 1709 1239 1751 3
1303 1686 1577 1764 quoniam
1618 1687 1779 1747 Deus

39 1765 251 1845 gloriae
286 1767 504 1827 zelotes
540 1766 644 1838 est,
709 1764 771 1824 &
819 1766 1007 1826 omnis
1054 1765 1440 1827 inobedientia
1486 1767 1779 1827 voluntati

42 1847 181 1925 ejuS,
228 1847 331 1908 ubi
372 1848 684 1917 revelatur,
747 1847 958 1907 sufficit
1013 1866 1130 1904 non
1175 1846 1363 1906 solum
1421 1868 1776 1928 magnopere

40 1927 277 2007 alicujus
332 1949 536 2008 pacem
577 1927 639 1987 &
679 1926 1149 1996 consolationem,
1194 1927 1451 2007 alioquin
1480 1930 1776 1989 abundan-

39 2024 184 2080 tem,
227 2008 475 2080 auferre,
534 2009 630 2068 sed
666 2008 1205 2068 condemnationem
1259 2009 1472 2068 affert:
1551 2012 1778 2089 exempli

29 2094 238 2172 gratia,
284 2091 522 2170 quidam
566 2088 640 2149 ad
675 2089 1052 2149 ministerium
1079 2088 1242 2150 verbi
1270 2106 1568 2161 vocantur,
1624 2093 1775 2154 Pau-

41 2173 129 2233 lus
165 2172 265 2243 ait,
326 2171 542 2233 neceffe
601 2170 709 2232 fibi
764 2169 922 2230 fuiffe
965 2169 1354 2255 Evangelium
1408 2172 1774 2246 annunciare,

41 2256 141 2314 Voe,
174 2257 312 2314 enim
355 2253 488 2314 mihi
519 2257 619 2324 efz‘,
650 2253 706 2330 st
747 2274 850 2312 non
900 2253 1360 2333 evangelizavero,
1447 2254 1503 2312 Si
1534 2257 1776 2314 necefl‘a-

41 2333 196 2412 rium
232 2333 304 2394 fit
328 2335 436 2394 effe
466 2334 635 2394 hodie
667 2333 1072 2414 praedicatores
1095 2334 1421 2416 Evangelii,
1470 2334 1612 2394 ficut
1641 2353 1777 2396 tunc

38 2432 184 2495 erat,
228 2414 430 2477 eadem
461 2416 756 2475 neceffitas
798 2414 1137 2495 quibusdam
1188 2417 1371 2497 magis
1428 2437 1602 2496 quam
1654 2417 1778 2476 aliis

43 2496 350 2567 incumbit,
395 2498 546 2558 hunc
593 2495 793 2555 locum
841 2495 1206 2577 occupandi3
1269 2518 1443 2577 quam
1483 2499 1777 2556 necestita-

42 2592 246 2649 tatem,
290 2594 359 2637 ut
406 2578 538 2638 huic
573 2577 669 2636 vel
713 2577 801 2635 illi
840 2576 1174 2637 incumbere
1224 2578 1433 2659 potest,
1482 2577 1779 2658 Scriptura

42 2652 149 2718 nec
190 2658 467 2730 declarat,
510 2678 618 2719 nec
645 2657 938 2717 declarare
971 2658 1176 2738 potest.
1262 2659 1319 2716 Si
1350 2658 1774 2738 respondeatur,

44 2738 323 2810 Ministri,
371 2738 485 2800 five
535 2738 788 2799 Pastoris
826 2738 1130 2818 qualitates
1182 2740 1238 2798 in
1275 2739 1580 2820 Scripturis
1618 2740 1779 2800 inve-

43 2817 173 2889 niri,
261 2839 360 2878 uas
406 2820 550 2880 mihi
585 2840 619 2879 a
663 2818 934 2899 plicando
977 2818 1305 2897 dignoscere
1346 2822 1589 2899 pofl‘um,
1636 2841 1778 2880 num

44 2899 213 2960 talio
282 2899 373 2960 cio
400 2916 566 2980 aptus
595 2839 745 2958 fipm:
803 2899 1163 2979 Responde0,
1208 2902 1586 2982 proprietates
1615 2902 1782 2982 Epis-

45 2980 180 3061 copi
242 2979 336 3040 seu
393 2978 664 3051 PastoriS,
726 2979 870 3041 sicut
924 2999 1316 3054 numerantur,
1380 2985 1442 3041 &
1492 2985 1548 3042 in
1594 2983 1777 3062 Epist.

48 3060 122 3121 ad
148 3061 419 3122 Timoth.
448 3061 511 3120 &
551 3059 626 3120 ad
659 3061 787 3121 Tit.
836 3060 981 3124 tales
1025 3061 1172 3134 sunt,
1216 3084 1347 3143 quae
1381 3063 1622 3124 inveniri
1651 3064 1780 3143 pos-

42 3140 175 3220 fimt
214 3142 272 3203 in
321 3140 551 3222 privato
595 3141 942 3212 Christiane,
1006 3140 1126 3202 imo
1162 3164 1297 3224 quae
1337 3144 1548 3207 debent
1590 3144 1780 3225 aliqua

46 3240 124 3281 *ex
159 3239 322 3302 parte
371 3221 675 3303 unicuique
710 3243 854 3284 vero
895 3223 1221 3286 Christiano
1250 3226 1456 3292 inesse3
1501 3226 1579 3286 ita
1606 3243 1673 3287 ut
1708 3228 1802 3287 ex*

55 3298 140 3366 his
184 3303 367 3369 nihilo
408 3303 620 3370 certior
645 3302 828 3368 factus
875 3303 1003 3450 flul}
1050 3304 1187 3369 licet
1211 3306 1286 3370 ad
1319 3306 1576 3373 officium
1614 3323 1784 3448 aptus

1046 3404 1077 3445 2
1677 3407 1779 3458 lm,
