2086 3640
251 125 340 189 De
361 120 637 183 Commun.
667 115 743 180 ἐφ’
772 115 990 178 Partic.
1019 128 1161 194 corp.
1191 111 1266 176 Β
1283 111 1442 194 sang:
1471 109 1698 185 Christi.
1782 130 1902 190 393

142 245 270 290 car-e
307 222 371 283 ὅτ
402 223 747 302 participare
785 217 851 281 de
893 232 1108 297 corpore
1134 213 1207 278 ἐξ
1241 214 1506 296 stanguine
1548 212 1772 290 Christi,
1818 234 1909 276 res

146 302 467 369 admodum
525 299 855 363 differentes
911 297 1058 360 sunt.
1145 296 1291 360 Non
1346 294 1452 366 ait,
1518 295 1912 377 quotiestunque

147 385 533 450 manducabitis
571 383 713 445 hunc
737 399 962 463 panem,
1005 380 1078 445 ἔθ’
1120 376 1334 441 calicem
1370 377 1577 449 bibetis,
1613 380 1912 456 participes

134 471 286 548 fietis
349 469 583 549 corporis
630 465 702 529 δέ*
730 464 1008 547 sanguinis
1048 461 1274 540 Christi,
1318 458 1436 532 sed,
1500 459 1725 521 Domini
1768 480 1911 520 mor-

149 564 256 613 tem
297 547 705 614 annunciabitis.
767 546 987 608 Fateor
1013 560 1233 614 autem,
1277 542 1418 604 hanc
1443 544 1790 605 ceremoniam
1817 539 1910 616 iis,

151 633 256 713 qui
300 634 365 693 ea
406 646 672 702 utuntur,
714 626 1074 689 immediatam
1113 624 1424 687 relationem
1459 623 1672 697 habere
1708 623 1788 685 ad
1819 644 1916 686 ex-

151 727 363 775 ternum
409 729 596 794 corpus
642 710 708 771 &
743 722 962 772 mortem
1002 708 1227 786 Christi,
1289 709 1430 767 cum
1479 703 1551 771 fit
1609 705 1730 789 ejus
1771 725 1914 788 pro-

152 795 282 878 pria
323 792 832 866 commemoratio,
875 812 995 854 non
1031 807 1226 852 tamen
1270 787 1405 849 inde
1432 786 1709 870 sequitur,
1752 788 1915 870 quod

153 877 492 958 neceffariam
526 877 837 940 relationem
885 873 1099 936 habeat
1145 869 1223 933 ad
1242 870 1915 948 fidelium⁴communicati-

154 980 303 1020 onem
355 958 452 1020 vel
475 960 945 1040 participationem
979 953 1292 1038 spiritualis
1321 956 1554 1033 corporis
1593 953 1667 1016 &
1687 955 1915 1037 sangui-

155 1044 238 1102 nis
274 1041 497 1120 Christi,
539 1039 637 1102 vel
672 1038 989 1118 spiritualis
1027 1058 1198 1108 caenae,
1243 1051 1464 1097 notatae
1494 1037 1696 1116 Apoc,
1722 1056 1780 1114 3,
1814 1054 1916 1116 zo.

158 1122 297 1185 licet
330 1123 590 1207 respeftu
633 1116 912 1203 generali,
968 1121 1108 1180 curn
1168 1117 1358 1178 omnis
1394 1116 1559 1179 actus
1613 1109 1920 1197 religiosus

152 1204 414 1286 quodam
454 1203 641 1265 modo
673 1200 938 1283 respiciat
977 1201 1126 1262 hanc
1165 1197 1524 1281 spiritualem
1545 1198 1918 1261 communio-

154 1303 291 1349 nem
351 1285 683 1348 samstorum
724 1304 862 1346 cum
904 1283 1059 1357 Deo,
1105 1281 1258 1343 hunc
1298 1282 1498 1343 astum
1537 1300 1920 1356 communem

156 1389 293 1428 cum
314 1369 438 1428 aliis
459 1368 802 1428 relationem
839 1367 1054 1429 habere
1080 1385 1203 1426 non
1225 1360 1666 1445 abnegabimus,
1730 1359 1921 1448 Qod

156 1466 353 1510 autem
393 1463 553 1512 vocat
582 1449 823 1521 calicem,
884 1446 1102 1510 calicem
1139 1447 1385 1518 Domini,
1450 1446 1526 1508 [9³.
1565 1449 1648 1506 ait
1685 1465 1799 1505 reos
1839 1464 1923 1506 eos

163 1533 259 1610 effe
306 1534 538 1611 corporis
585 1531 657 1593 &⁹
693 1532 970 1612 sanguinis
1005 1531 1231 1607 Christi,
1280 1529 1352 1590 ὃ
1392 1527 1658 1588 comedere
1687 1528 1802 1606 fibi
1821 1529 1921 1610 ju·

162 1612 357 1674 dicium
380 1656 402 1684 ,
464 1633 568 1674 non
627 1611 972 1695 dijudicantes
1029 1628 1215 1691 corpus
1255 1610 1483 1671 Domini
1506 1631 1528 1668 :
1598 1608 1922 1688 Respondeat

148 1694 308 1755 Hoc
339 1712 463 1754 non
491 1693 678 1773 magis
705 1691 918 1754 inferre
943 1693 1312 1753 necessariam
1342 1690 1708 1763 relationem,
1740 1688 1924 1772 quam

163 1773 238 1837 fit
278 1774 547 1855 quolibet
579 1773 700 1834 alio
741 1775 876 1835 ac'tu
907 1772 1181 1865 religioso
1206 1798 1227 1842 ;
1270 1773 1333 1834 δε
1362 1773 1476 1834 hoc
1505 1788 1735 1835 tantum
1763 1773 1925 1834 evin—

162 1877 315 1928 cere,
359 1854 542 1935 quod,
588 1875 724 1916 cum
770 1855 1060 1918 Corinthii
1106 1854 1284 1917 effent
1328 1854 1386 1915 in
1436 1853 1605 1934 hujus
1662 1875 1925 1919 ceremo-

164 1938 275 1999 niae
311 1937 442 2009 usu,
486 1935 732 2016 ideoque
768 1936 1112 2017 praestarent
1149 1956 1282 1996 eam
1337 1935 1499 2016 quafi
1549 1936 1745 1998 actum
1790 1935 1926 1998 reli—

163 2019 414 2100 giosum,
458 2017 756 2079 debebant
790 2017 955 2078 illam
987 2015 1489 2099 dignepraestare,
1534 2016 1790 2098 alioquin
1819 2015 1930 2079 fibi

168 2098 713 2160 condemnationem
751 2097 1122 2161 adducerent.
1185 2099 1332 2161 Hoc
1349 2114 1548 2159 autem
1577 2099 1821 2162 minime
1842 2098 1929 2161 in·

167 2180 370 2253 ferret,
410 2180 564 2240 hunc
598 2195 671 2241 ex
718 2180 773 2240 se
808 2178 971 2241 fuiffe
1017 2180 1216 2242 actum
1261 2180 1599 2262 religiosum
1650 2181 1778 2242 aliis
1833 2182 1925 2243 in-

170 2264 567 2334 cumbentem,
610 2281 730 2323 non
757 2263 946 2343 magis
994 2262 1195 2344 quam,
1240 2264 1380 2324 cum
1406 2262 1485 2323 ad
1503 2262 1686 2324 Rom.
1725 2264 1846 2325 xiv.
1867 2282 1927 2342 5,

174 2343 503 2425 Apostolus
545 2342 649 2414 ait,
722 2346 814 2428 qui
859 2344 997 2405 diem
1035 2346 1302 2424 observat,
1367 2345 1601 2407 Domino
1655 2347 1926 2426 obfirmat,

174 2425 307 2485 hinc
334 2423 531 2485 inferri
558 2425 756 2504 poffit,
799 2425 981 2506 quod,
1025 2426 1158 2507 quia
1195 2426 1432 2508 quidam
1463 2425 1809 2505 judicabant
1830 2443 1932 2488 aut

173 2507 562 2568 observabant
579 2505 740 2577 diem,
783 2507 1091 2567 necessario
1121 2509 1441 2589 oportebat
1477 2507 1624 2568 alios
1648 2508 1828 2569 etiarn
1858 2507 1950 2568 il„

177 2589 302 2649 lum
331 2587 675 2649 observare:
716 2585 814 2647 sed
850 2603 935 2659 ut,
1001 2587 1101 2669 qui
1139 2589 1509 2649 aestimabant
1547 2590 1611 2648 δε
1661 2590 1931 2652 observa·

179 2670 322 2746 bant
338 2669 496 2740 diem,
540 2667 804 2729 Domino
832 2669 1234 2741 observarunt,
1281 2669 1466 2740 acini,
1513 2685 1794 2749 qua-tenus
1823 2673 1932 2745 ob-

180 2750 433 2822 servant,
481 2751 619 2810 cum
658 2767 783 2811 erat
821 2749 929 2811 dies
975 2750 1288 2811 Dominicus
1327 2751 1422 2811 vel
1463 2751 1709 2824 Domini,
1754 2752 1812 2812 di
1859 2754 1932 2815 nc?

181 2832 488 2893 observare
520 2851 657 2891 eum
683 2831 999 2903 debebant,
1044 2831 1301 2911 alioquin
1330 2831 1413 2891 rei
1440 2830 1633 2894 forent
1672 2833 1776 2895 diei
1814 2773 1876 2897 D

184 2915 386 2986 minici,
447 2913 511 2972 &
571 2913 648 2972 ad
663 2916 825 2992 suam
866 2914 1091 2991 ipsorum
1139 2911 1613 2975 condemnationem
1660 2916 1941 2978 observa·-

187 3010 317 3055 rent
358 3014 532 3055 eum:
592 2993 671 3054 fic
713 2995 890 3055 etiam
929 2993 1030 3073 qui
1070 2993 1378 3055 observant
1417 2996 1556 3056 hanc
1589 3002 1933 3060 ceremoniam

176 3079 343 3156 panis
383 3076 446 3136 &
485 3077 624 3146 vini,
668 3074 747 3135 eis
793 3074 1028 3156 quidem
1069 3075 1151 3135 est
1179 3079 1346 3155 panis
1386 3076 1634 3150 Domini,
1699 3080 1760 3140 δε
1789 3080 1936 3143 calix

188 3157 433 3229 Domini,
540 3156 634 3217 uia
670 3155 727 3217 in
768 3157 897 3217 actu
949 3155 1219 3237 religioso
1261 3156 1326 3217 iis
1368 3174 1631 3232 utuntur,
1695 3160 1758 3220 &
1798 3164 1934 3243 quia

178 3238 300 3319 ejus
321 3239 450 3300 finis
476 3178 558 3299 esst
598 3237 676 3298 ad
695 3237 1197 3299 commemorandam
1255 3238 1319 3299 ὅτ
1338 3241 1767 3303 annunciandam
1795 3265 1936 3303 mor-

189 3332 295 3383 tem
339 3321 560 3386 Domini
603 3319 664 3382 &
697 3337 881 3405 corpus
924 3323 1051 3408 ejus,
1112 3320 1273 3407 quod
1314 3322 1659 3387 crucifixum
1706 3325 1808 3396 est,
1873 3326 1937 3385 δε

1713 3407 1935 3490 sangui-
