2086 3640
219 129 292 170 22
509 97 1694 166 THESISSECUNDA.

213 218 429 297 Spiritu
467 212 733 295 cognosci
767 237 785 277 ·‚
830 210 922 268 sed
950 227 1219 292 negantes
1243 210 1387 270 hanc
1421 211 1814 291 cognitionem
1836 217 1945 279 effe

213 298 629 364 immediatam,
659 295 778 352 ‘aut
806 291 1108 364 internam,
1154 290 1247 352 sed
1266 290 1453 352 solum
1474 313 1578 372 per
1604 293 1946 386 ScripturaS‚

216 380 274 438 in
317 379 524 458 quibus
583 379 673 450 (ut
714 373 897 449 aiunt)
939 392 1072 432 cum
1124 371 1237 433 Dei
1283 373 1555 434 voluntas
1611 377 1846 461 copiose
1886 379 1950 437 sc

214 459 532 518 luculenter
573 454 827 534 expreffa
870 451 959 523 fit,
1002 454 1063 512 δε
1103 451 1160 512 in
1207 452 1316 512 illis
1366 455 1522 514 Deus
1562 455 1844 527 noscatur,
1887 459 1951 518 &

213 559 316 597 nos
357 539 413 597 in
457 537 726 596 omnibus
764 534 1006 598 ducendi
1029 534 1216 595 fimus.
1303 535 1485 616 Qod
1526 535 1600 596 ad
1627 535 1791 616 hujus
1813 557 1951 617 pro·

215 618 510 699 pofitionis
538 615 924 696 negationem,
969 615 1081 675 scil.
1127 615 1262 698 quod
1298 617 1576 693 Scriptura
1602 639 1704 678 non
1738 617 1952 696 sufficit,

214 722 373 780 neque
419 721 648 779 unquam
686 715 789 776 pro
831 696 1117 776 adaequata
1175 697 1243 758 {9³
1292 698 1450 757 unica
1494 698 1684 779 reguld
1705 700 1954 761 ordinata

198 783 335 860 fuit,
402 802 559 862 neque
619 800 1024 860 unumquemque
1060 779 1211 858 poffit
1267 781 1322 837 in
1369 779 1603 840 omnibus
1660 781 1953 859 neceffariis

215 885 408 944 regere,
455 863 717 942 sequente
739 860 888 921 'thesl
920 860 1278 919 traciabitur.
1365 859 1510 920 Hoc
1536 859 1673 921 loco
1699 862 1955 940 proban-

213 944 356 1005 dum
399 943 499 1014 est,
546 943 872 1016 Christianos
913 944 1072 1000 etiam
1119 942 1199 999 his
1248 941 1579 1018 temporibus,
1644 962 1746 1001 non
1786 945 1955 1002 minus

215 1047 374 1106 quam
422 1026 565 1094 olim,
632 1026 772 1084 intus
802 1024 870 1084 ἑῇ)
900 1022 1214 1089 immediate,
1277 1022 1314 1080 ὰ
1359 1023 1563 1100 Spiritu
1604 1021 1741 1094 duci,
1781 1023 1959 1084 eodem

215 1108 379 1178 modo,
426 1107 544 1166 licet
571 1106 795 1185 fortaſje
842 1125 942 1163 non
975 1105 1190 1183 prorsus
1219 1102 1403 1163 ecidem
1449 1103 1710 1183 menfiera'.

298 1190 377 1247 X.
423 1189 574 1248 Hoc
606 1186 943 1266 quibusdam
965 1183 1318 1265 argumentis
1338 1183 1621 1255 evincam‚
1649 1183 1713 1244 &
1737 1183 1955 1266 primo,

216 1268 247 1327 ὲ
277 1269 486 1329 Christi
516 1267 907 1350 promiflione,
954 1265 1038 1326 his
1066 1265 1275 1335 verbis»,
1321 1265 1532 1344 Johan.
1574 1266 1692 1328 xiv,
1741 1266 1832 1327 16.
1887 1267 1959 1328 ἐξ

215 1370 302 1430 ego
357 1352 546 1431 rogabo
585 1363 823 1428 patrem,
871 1349 941 1410 ΕΒ
985 1347 1152 1407 alium
1198 1346 1548 1408 Paracletum
1595 1347 1748 1409 dabit
1785 1349 1955 1419 vobis,
2068 1348 2086 1438 ξ

217 1445 277 1490 ut
313 1446 526 1492 maneat
564 1433 822 1511 vobiscum
863 1433 917 1489 in
958 1443 1212 1490 aternum
1240 1451 1260 1486 .·
1327 1428 1529 1489 &ven
1564 1445 1656 1507 17.
1699 1429 1958 1507 Spiritum

215 1517 482 1583 veritatis,
528 1536 676 1594 quem
723 1511 945 1571 mundus
1003 1532 1106 1570 non
1152 1514 1325 1588 poteft
1363 1512 1612 1589 accipere,
1677 1514 1804 1591 quia
1842 1531 1961 1571 eum

218 1615 318 1655 non
367 1596 531 1665 videt,
579 1616 668 1654 nec
695 1593 796 1670 scit
822 1614 937 1651 eum
960 1614 980 1649 .·
1021 1612 1116 1651 vos
1145 1605 1318 1651 autem
1350 1613 1466 1652 eum
1486 1592 1789 1674 cognoscitis,
1834 1595 1961 1673 quia

218 1677 365 1755 apud
387 1698 480 1736 vos
508 1675 757 1744 manebit,
785 1674 853 1734 ἐφ’
884 1677 939 1732 in
979 1675 1126 1734 vobis
1147 1676 1267 1743 erit,
1312 1673 1374 1731 &
1400 1691 1519 1732 ver.
1549 1691 1643 1734 zo.
1690 1673 1960 1736 Paracle-

217 1770 301 1818 tus
334 1772 507 1818 autem
534 1759 572 1816 S
575 1764 756 1816 anetus
800 1757 1047 1833 Spiritus,
1092 1776 1240 1835 quem
1268 1756 1438 1815 mittet
1468 1767 1634 1832 pater
1674 1757 1731 1834 in
1758 1758 1964 1816 nomine
2077 1803 2083 1824 2

217 1861 346 1910 mov,
411 1839 505 1898 ille
543 1860 638 1897 vos
684 1838 878 1898 docebit
923 1840 1116 1906 omnia,
1187 1836 1255 1898 ἔθ’
1283 1839 1530 1918 suggeret
1573 1837 1722 1898 vobis
1760 1839 1958 1908 omnia,
2074 1900 2081 1917 ἰ

219 1942 532 2002 quacunque
579 1921 756 1979 dixero
799 1920 962 1978 vobis.
1036 1917 1118 1977 Et
1158 1918 1276 1978 xvi.
1336 1939 1426 1995 13.
1474 1918 1610 1977 Cum
1654 1930 1828 1978 autem
1863 1924 1961 1991 v·
2052 1927 2073 1995 ζ’

219 2006 358 2063 nerit
402 2004 628 2080 Spiritus
684 2000 777 2060 ille
839 2003 1104 2069 veritatis,
1167 1998 1371 2059 inducet
1411 2019 1505 2058 vos
1542 2001 1597 2060 in
1637 2020 1837 2060 omnem
1864 2021 1959 2060 ve-
2057 2001 2066 2013 ”

219 2087 453 2154 ritatem,
499 2105 599 2142 non
646 2084 781 2141 enim
820 2081 1057 2161 loquetur
1094 2083 1129 2139 a
1157 2081 1336 2159 seipso,
1387 2080 1487 2160 sed
1510 2101 1823 2161 quacunque
1857 2102 1957 2140 au-

220 2167 342 2236 diet,
392 2166 644 2247 loquetur,
693 2163 762 2224 &
804 2184 919 2242 quoe
968 2175 1200 2222 ventura
1227 2165 1376 2242 sunt,
1422 2162 1766 2224 annunciabit
1790 2163 1958 2223 vobis.
2072 2235 2074 2243 x

221 2246 428 2308 Primo
479 2245 818 2313 ostenditur,
881 2244 1006 2323 quis
1049 2245 1142 2302 hic
1185 2242 1275 2315 fit,
1340 2244 1402 2302 ὅτ
1439 2243 1552 2302 hoc
1588 2242 1811 2303 diverse
1859 2263 1960 2303 ex·-
2055 2236 2063 2253 ¹

219 2329 512 2408 primitur,
561 2326 674 2384 scil.
765 2325 1104 2396 Paracletus,
1150 2327 1378 2404 Spiritus
1424 2326 1690 2395 veritatis,
1733 2325 1964 2402 Spiritus

221 2411 445 2469 Sanc‘tus
487 2407 657 2486 mzffics
707 2407 742 2464 a
770 2421 934 2483 patre
963 2410 1019 2466 in
1058 2411 1260 2467 nomine
1299 2408 1514 2484 Christi.
1601 2405 1783 2488 Qod
1830 2404 1960 2465 satis

223 2490 519 2570 redarguit
581 2486 1017 2547 Socinianorum
1076 2488 1536 2568 incogitantiam,
1602 2485 1664 2561 δε
1710 2485 1961 2546 aliorum
2057 2488 2079 2561 [ζ

223 2571 681 2630 Christianorum
724 2568 1061 2639 carnalium,
1124 2569 1222 2648 qui
1263 2589 1367 2628 nec
1410 2567 1787 2647 cognoscunt,
1852 2588 1959 2627 nec
2049 2579 2081 2650 ,s

222 2651 473 2712 fatentur
520 2652 810 2711 internum
858 2649 1107 2729 aliquem
1149 2649 1450 2729 Spiritum,
1497 2647 1613 2707 five
1652 2647 1955 2718 virtutem,

222 2749 436 2814 praeter
477 2752 699 2792 meram
727 2731 1091 2791 naturalem:
1157 2751 1274 2810 quo
1296 2730 1524 2791 abunde
1545 2729 1859 2800 declarant,
1902 2729 1960 2789 se

221 2835 296 2876 ex
345 2815 564 2874 mundo
611 2813 740 2882 effe,
787 2811 884 2891 qui
939 2833 1060 2873 non
1105 2813 1341 2892 poffunt
1381 2811 1657 2890 accipere,
1704 2808 1804 2890 qui
1843 2830 1956 2874 ,nec
2038 2815 2062 2850 ³ss

220 2896 420 2955 vident
453 2895 640 2963 illum,
686 2912 790 2953 nec
829 2891 1027 2954 sciunt.
1112 2894 1395 2964 Secundo,
1441 2891 1542 2953 ubi
1588 2892 1660 2951 fit
1706 2890 1800 2951 hic
1826 2889 1953 2982 Spi-

221 2976 382 3048 ritu3,
428 2977 576 3056 apud
623 2995 717 3035 vos
759 2976 1005 3045 manebit,
1073 2977 1142 3038 ὅ
1171 2979 1225 3036 in
1245 2978 1392 3037 vobis
1422 2977 1540 3034 erit.
1625 2972 1709 3032 Et
1756 2970 1949 3043 tertio,
1999 2994 2002 2997 ⁴
2042 2978 2065 3046 4

220 3058 360 3138 quid
410 3058 478 3118 s1t
517 3078 666 3137 opus
712 3055 849 3134 ejus,
911 3056 1104 3118 docebit
1142 3079 1237 3118 vos
1283 3059 1476 3126 omnia,
1524 3057 1766 3136 suggeret
1805 3054 1956 3113 vobis
2033 3046 2062 3070 ⁴*

218 3143 415 3208 omnia,
461 3140 607 3198 ducet
644 3160 740 3198 vos
780 3140 836 3196 in
875 3159 1072 3199 omnem
1110 3143 1410 3211 veritatem,
1458 3143 1691 3218 &Mysia-es
1717 3138 1845 3212 ὑμεῖς
1883 3142 1948 3202 εἷς

218 3230 388 3286 πέῑσαιν
406 3229 490 3286 viv
521 3229 758 3286 αἰλῆθεωιν·
793 3219 1071 3299 Qod-ad
1091 3221 1368 3301 primum,
1399 3221 1655 3300 plerique
1674 3217 1946 3289 fatentur,
2034 3220 2041 3228 ’

221 3306 364 3370 nihil
390 3305 547 3368 aliud
563 3303 827 3388 intelligi,
870 3302 1052 3383 quam
1093 3303 1252 3384 quod
1276 3301 1408 3382 ipfis
1435 3301 1618 3383 planis
1636 3297 1826 3390 verbis
1847 3318 1947 3358 ex-

1646 3397 1936 3462 prumtur.
