2086 3640
233 145 321 205 De
340 141 658 202 Salutation.
685 139 1018 200 Recreation.
1051 135 1202 216 idque
1223 153 1382 216 genus
1412 131 1551 192 aliis.
1678 151 1755 212 47
1764 151 1799 210 5

22 272 24 275 ’
72 258 145 314 ris
188 254 342 331 ipstus
380 251 650 311 diminutio
691 244 932 326 censenda
972 245 1062 321 cst,
1093 244 1148 319 st
1178 242 1253 302 ad
1286 241 1587 323 jurandum
1619 240 1804 320 adiga-

0 358 3 361 ·
74 350 181 395 tur.
270 333 633 414 Pythagoras
695 329 752 387 in
793 326 1051 386 oratione
1113 323 1204 383 sua
1247 322 1394 382 inter
1442 338 1647 380 caetera
1694 322 1806 380 hoc

72 417 324 487 axioma,
369 429 647 491 tanquam
686 407 1015 490 symbolum
1069 404 1403 485 reipublicae
1452 401 1808 462 administra-

74 498 288 556 tionem
335 513 696 560 concernens,
742 487 1039 568 protulit:
1087 486 1255 545 Nemo
1284 487 1459 546 Deum
1501 488 1808 564 juramento

71 580 242 655 testem
273 580 489 644 invocet,
536 594 600 632 ne
626 570 828 653 quidem
871 571 925 628 in
962 567 1162 649 judicio
1196 592 1213 633 3
1260 567 1592 647 unusquisque
1633 576 1807 623 autem

61 662 144 737 stc
181 659 317 738 loqui
362 655 621 735 affuescat,
668 666 726 712 ut
767 651 946 732 dignus
991 649 1190 708 evadat
1237 652 1320 708 cui
1359 648 1608 708 credatur
1652 648 1814 704 etiam

65 743 186 819 stne
215 744 538 820 juramento,
619 731 860 802 Bafilius
885 732 1142 810 Magnus
1177 729 1374 789 laudat
1412 729 1659 791 Cliniam
1688 727 1815 785 eth-

82 821 297 890 nicum,
345 817 485 898 quod
499 819 613 878 tria
648 813 875 884 talenta,
921 833 1032 892 quoe
1057 813 1276 892 faciunt
1302 815 1510 872 circiter
1548 814 1663 871 tria
1691 807 1816 868 mil-—

84 902 163 960 lia
184 904 527 981 florenorum,
594 916 896 964 numerare,
961 895 1120 974 quam
1147 896 1513 975 juramentum
1542 894 1811 970 deponere,

82 984 347 1041 maluerit.
398 981 715 1048 Socrate&
763 975 1037 1035 referente
1074 977 1312 1035 Stobaeo
1335 978 1514 1034 Serm.
1551 997 1639 1047 14.
1673 978 1820 1034 hanc

83 1062 362 1144 produxit
402 1059 759 1129 sententiam,
810 1057 1075 1116 Bonorum
1113 1060 1355 1117 virorum
1394 1058 1612 1134 officium
1640 1060 1819 1137 requi-

84 1167 222 1215 rere,
276 1158 335 1204 ut
373 1140 559 1202 mundo
601 1140 964 1216 demonstrent,
1012 1160 1174 1200 mores
1222 1139 1288 1200 Εἴ
1323 1144 1546 1198 attiones
1569 1141 1698 1216 suas
1709 1140 1819 1214 fir-

84 1230 268 1287 miores
316 1224 409 1304 effi’
441 1223 764 1305 juramentis
793 1243 811 1278 :
882 1219 1033 1278 idem
1076 1220 1184 1280 fuit
1222 1219 1507 1299 judicium
1559 1221 1820 1298 Isocratis.

87 1308 260 1368 Plato
283 1306 454 1365 etiam
477 1319 678 1364 contra
714 1301 962 1361 solennia
1002 1299 1332 1380 juramenta
1368 1303 1423 1361 in
1457 1301 1686 1380 judiciis
1718 1302 1823 1360 ste-

86 1389 193 1447 tit:
254 1387 325 1446 de
390 1386 536 1465 Leg.
593 1404 683 1445 12.
730 1381 1121 1466 Qintili'anus
1179 1401 1628 1454 commemorat,
1702 1384 1823 1443 olim

69 1470 233 1549 fuzſje
264 1471 483 1547 speciem
525 1469 782 1545 infamiae,
834 1467 889 1543 st
930 1468 1012 1523 cus·
1058 1466 1352 1545 deferretur
1396 1466 1820 1548 jusjurandunm

82 1552 336 1610 hominem
363 1552 496 1608 vero
529 1547 746 1608 nobilem
787 1547 1182 1626 adjurandam
1214 1549 1441 1628 adigere,
1474 1549 1636 1626 fuiffe
1657 1550 1828 1625 instar

86 1635 344 1692 examinis
399 1632 736 1706 carnificinae.
821 1629 1061 1688 Marcus
1116 1630 1391 1688 Aurelius
1455 1629 1824 1700 AntoninUS‚

18 1780 21 1785 ,
94 1715 502 1773 Romanorum
545 1712 894 1790 Imperator,
961 1709 1144 1788 inquit
1200 1712 1254 1770 in
1303 1711 1397 1769 sua
1455 1709 1831 1790 descriptione

93 1795 204 1853 viri
264 1793 423 1864 boni,
471 1797 820 1874 integritatem
861 1793 992 1850 vere
1020 1793 1138 1851 boni
1164 1796 1278 1853 viri
1305 1793 1465 1852 talem
1495 1794 1607 1871 effe,
1654 1805 1712 1851 nt
1732 1815 1832 1854 non

100 1894 226 1954 opus
266 1879 314 1935 ei
337 1878 413 1954 fit
447 1877 787 1957 juramentis.
872 1874 964 1931 Sic
1006 1875 1181 1932 etiam
1210 1876 1469 1934 nonnulli
1514 1875 1705 1953 Judaei
1749 1892 1833 1935 te—

99 1958 228 2017 stati
269 1957 414 2027 sunt,
466 1955 740 2015 referente
786 1954 999 2014 Grotio
1029 1976 1097 2013 ex
1136 1956 1516 2027 Mairnonide,
1564 1959 1835 2035 Optimum

96 2040 190 2119 effi
219 2056 323 2116 pro
361 2040 583 2107 homine,
614 2039 683 2115 st
718 2037 977 2114 abstineat
1003 2037 1070 2096 ab
1090 2041 1228 2096 omni
1250 2041 1573 2118 juramento.
1622 2039 1832 2111 Effeni,

94 2118 588 2200 quemadmodum
625 2117 824 2180 ‘Philo
874 2117 1108 2197 Judaeus
1155 2137 1466 2192 memorat,
1516 2122 1624 2198 saa
1666 2123 1838 2182 verba

86 2204 341 2278 firmiora
369 2203 693 2282 juramentis
739 2200 1108 2278 aestimdrunt3
1156 2202 1224 2264 &⁹
1257 2204 1574 2282 juramenta
1601 2203 1748 2280 apud
1762 2226 1840 2265 eos

99 2285 286 2343 habita
311 2285 441 2360 fitnt
485 2304 573 2341 ceu
609 2303 692 2342 res
715 2283 1145 2360 fitpervacaneae.
1232 2284 1314 2342 Et
1352 2283 1524 2343 Philo
1568 2283 1704 2363 ipse,
1752 2285 1840 2343 lo-

101 2385 275 2444 quens
317 2363 388 2421 de
430 2363 602 2422 tertio
647 2379 965 2443 praeceptO,
1001 2361 1288 2441 judicium
1334 2366 1499 2424 suum
1529 2365 1639 2424 hoc
1661 2366 1840 2427 modo

114 2443 373 2524 exponit,
439 2447 556 2502 viz.
622 2443 806 2503 melius
854 2445 948 2524 effi
987 2448 1189 2504 omnino
1231 2467 1331 2506 non
1370 2452 1587 2528 jurare,
1661 2447 1761 2525 sed
1780 2453 1842 2527 se

108 2527 396 2605 adficescere
426 2525 633 2603 semper
669 2529 952 2585 veritatem
997 2525 1157 2607 loqui,
1220 2541 1279 2587 ut
1320 2529 1464 2588 nuda
1512 2529 1682 2587 verba
1729 2535 1843 2590 vim

94 2609 395 2689 juramenti
434 2605 677 2667 habeant.
764 2606 847 2667 Et
894 2607 1052 2679 alibi,
1127 2613 1291 2689 magis
1338 2624 1544 2669 naturae
1585 2613 1845 2672 rationali

104 2691 491 2767 consentaneum
530 2688 643 2768 ff,
687 2692 893 2748 omnino
935 2690 1190 2765 abstinere
1225 2691 1260 2749 ιὶ
1293 2693 1659 2772 juramenti53
1705 2714 1843 2754 con-

101 2771 297 2829 filium
342 2768 481 2828 dans
530 2790 597 2828 ac
635 2768 888 2839 suadem,
933 2783 992 2829 ut
1027 2774 1221 2840 omnia,
1270 2794 1576 2854 quacunque
1613 2775 1845 2855 loquitur

107 2855 202 2911 vir
240 2853 419 2920 bonus,
455 2866 561 2929 pro
591 2851 916 2932 juramentis
961 2852 1150 2911 valere
1180 2854 1382 2929 poffint.

194 2936 310 3023 Q
329 2952 347 2989 1
365 2952 391 2989 s
420 2952 564 3011 ergo
593 2930 806 2991 diutius
833 2931 1141 3003 dubitabit,
1190 2935 1503 3006 Christum,
1557 2939 1693 2996 cum
1722 2940 1844 2998 vel—

114 3015 195 3073 let
235 3013 538 3093 discipulos
573 3012 699 3070 suos
737 3012 810 3072 ad
861 3011 1148 3074 summum
1191 3014 1551 3094 perfectionis
1596 3020 1844 3098 gradum

113 3095 447 3177 perducere,
482 3091 881 3172 jusjurandum
911 3108 1183 3174 tanquam
1206 3097 1555 3158 elementum
1583 3100 1846 3162 infirmo-

115 3197 245 3236 rum
270 3173 587 3255 abmgfisst,
631 3173 692 3232 δε
719 3173 836 3255 ejus
868 3175 1001 3235 loco
1018 3177 1271 3239 veritatis
1294 3178 1454 3238 usum
1480 3180 1840 3243 stabilivisse?

118 3257 264 3340 Qis
296 3257 409 3332 jam
440 3255 628 3336 potest
664 3257 913 3336 amplius
961 3258 1243 3337 cogitare,
1289 3260 1414 3340 pios
1466 3280 1746 3343 martyres
1785 3265 1847 3324 ὅτ

116 3338 379 3420 antiquos
428 3349 618 3418 patres
664 3338 926 3419 priorum
970 3339 1147 3399 trium
1198 3340 1536 3416 seculorum,
1583 3345 1642 3404 δε
1686 3366 1849 3415 com-

1653 3428 1848 3507 plures
