2086 3640
234 83 313 160 56
560 73 1037 139 THESIS
1106 70 1614 134 TERTIA.

233 192 441 251 erroris
469 188 574 247 esse
603 186 811 265 potest,
856 205 974 266 quo
1017 182 1111 242 vel
1149 182 1204 240 in
1248 180 1542 261 iniquitate
1571 177 1757 258 aliqua
1788 181 1954 262 igno-

233 288 418 331 rantes
455 286 705 338 manere,
749 266 842 325 vel
873 263 1169 325 mendacio
1198 261 1551 321 confidenter
1579 260 1805 320 credere
1826 263 1954 341 pos-

235 352 403 414 sunt3
448 346 668 424 exempli
698 351 898 428 gratia.
986 342 1296 414 Pontificii,
1343 342 1400 402 in
1434 340 1800 402 catechismis
1821 339 1949 415 suis',

232 431 295 488 δε
349 427 592 507 publicis
619 427 802 507 plebis
830 425 1333 503 instructionibug
1358 424 1625 483 audacter
1648 421 1957 490 secundum

234 508 571 569 mandatum
599 508 975 578 abstulerunt,
1022 505 1178 586 quod
1215 505 1337 564 usui
1378 505 1439 564 δε
1474 503 1794 565 adorationi
1815 502 1957 562 ima-

234 589 439 667 ginum
473 588 640 653 nimis
678 588 962 648 adversari
988 587 1271 656 videatur,
1304 606 1438 644 curn
1467 583 1723 666 plerique
1752 603 1823 644 ex
1845 584 1960 645 istis

236 669 485 748 populiS‚
547 689 691 746 quos
735 670 792 730 in
834 669 945 729 hoc
992 687 1185 728 errore
1233 667 1360 739 talis
1394 666 1619 741 omiffio
1666 664 1849 736 fovet,
1915 663 1960 723 fi

234 768 352 807 non
400 750 504 809 sub
547 749 800 829 slmplice
846 749 1320 830 impoflibilitate,
1366 764 1558 806 tamen
1602 747 1707 806 sub
1750 744 1963 826 magn'a

234 828 575 889 difficultate
616 829 763 902 sunt,
812 830 1052 892 habendi
1096 827 1594 909 opportunitatem
1637 826 1781 885 hanc
1807 825 1961 885 frau-

236 909 370 968 dem
421 910 838 990 cognoscendi:
904 912 996 969 secl
1055 911 1165 981 fae,
1239 929 1436 968 omnes
1499 908 1712 986 posfint
1771 907 1963 986 legere

237 990 558 1070 Scripturas
598 993 826 1072 vulgari
880 991 1112 1070 lingua:
1157 989 1259 1050 ubi
1300 1009 1442 1048 unus
1478 1008 1549 1047 ex
1594 987 1850 1048 millibus
1878 987 1963 1046 in-

236 1073 487 1144 venitur,
534 1073 633 1152 qui
676 1075 848 1134 talem
891 1072 1259 1152 originalium
1287 1070 1616 1150 linguarum
1652 1067 1962 1139 scientiam,

237 1152 447 1231 quibus
492 1153 716 1233 scriptae
758 1155 906 1224 sunt,
971 1155 1165 1224 habet,
1238 1166 1304 1212 ut
1351 1150 1685 1234 immediato
1740 1147 1967 1229 legendi

239 1233 522 1292 beneficio
564 1233 829 1296 fruatur?
879 1235 1089 1294 horum
1135 1233 1312 1313 igitur
1357 1231 1624 1292 omnium
1671 1229 1849 1290 fidem
1895 1249 1968 1290 ex

239 1313 621 1393 interpretum
660 1317 948 1376 honestate
998 1316 1242 1396 pendere
1289 1329 1541 1393 oportet,
1607 1331 1741 1393 quae
1789 1332 1968 1392 quam
2065 1351 2067 1353 .

241 1393 523 1455 incertum
568 1396 635 1454 fit
663 1397 798 1456 fidei
825 1397 1285 1467 fundamentum,
1331 1395 1537 1455 multae
1566 1391 1966 1464 correctione&
2054 1403 2063 1455 ἶ

238 1475 304 1532 δε
340 1477 758 1537 emendationes
793 1478 993 1548 variae,
1039 1476 1409 1557 quotidianae,
1453 1476 1514 1533 &
1537 1494 1706 1534 novae
1739 1473 1970 1533 transsa-
2055 1495 2065 1557 3¹

242 1555 427 1614 tiones
467 1556 642 1615 etiam
692 1558 837 1618 inter
875 1559 1280 1628 Protestantes,
1313 1576 1560 1639 quarum
1582 1555 1806 1616 ultimae
1825 1556 1971 1614 sem·

241 1654 348 1716 per
396 1637 613 1718 priores
642 1637 967 1698 defectuum
997 1639 1058 1696 &
1093 1657 1358 1697 errorum
1396 1636 1694 1716 increpant
1723 1635 1785 1694 &
1805 1656 1972 1695 accu-

243 1716 386 1787 sant,
432 1719 559 1777 satis
596 1718 902 1780 declarant.
988 1720 1070 1779 Et
1116 1720 1274 1800 quod
1309 1717 1599 1798 postrema
1648 1716 1704 1775 in
1744 1715 1973 1776 Britan·
2059 1735 2063 1790 ς’

244 1797 434 1857 nicam
476 1799 736 1878 linguam
761 1800 1156 1884 interpretatio
1199 1798 1552 1859 correctione
1591 1813 1759 1878 egeat
1792 1801 1904 1874 (ut,
1929 1798 1974 1856 fi
2056 1868 2058 1870 ¹

245 1878 358 1938 hoc
423 1880 555 1938 loco
601 1882 906 1961 proprium
955 1885 1110 1951 effer,
1192 1881 1355 1940 facile
1397 1881 1754 1960 probarem)
1817 1878 1972 1940 docti

244 1961 573 2039 complures
603 1962 869 2022 fatentur.
956 1964 1038 2022 Et
1058 1962 1299 2043 denique
1319 1963 1419 2021 vix
1456 1959 1646 2021 minor
1667 1960 1975 2019 difficultas
2062 1962 2071 2011 ².

246 2041 502 2100 occurrit
549 2043 727 2109 etiam
768 2045 866 2116 eis,
921 2044 1020 2124 qui
1070 2044 1125 2103 in
1175 2043 1304 2123 ipfis
1346 2042 1721 2122 originalibus
1762 2040 1975 2120 linguis
2055 2050 2065 2109 j¹

246 2122 436 2181 edocti
476 2122 623 2195 sunt,
669 2146 919 2204 quorum
972 2125 1112 2184 fides
1152 2125 1350 2184 saltem
1380 2124 1617 2203 oblique
1654 2121 1862 2202 pendet
1901 2142 1975 2181 ex
2049 2126 2082 2199 ’ξ-

249 2202 538 2262 honestate
567 2207 1042 2286 transcriptorum
1086 2210 1242 2281 (cum
1283 2205 1502 2284 primos
1531 2203 1750 2263 codices
1779 2223 1978 2262 omnes
2055 2225 2059 2236 ⁸

248 2283 535 2345 fateantur
568 2284 691 2359 jam
729 2287 946 2347 dudum
977 2288 1239 2367 periisse.)
1322 2286 1411 2345 De
1444 2286 1648 2366 quibus
1676 2283 1978 2364 transcrip-
2025 2311 2060 2363 Α

248 2363 471 2423 toribus
509 2366 908 2448 Hieronymus
936 2371 1110 2429 etiam
1149 2368 1249 2427 suo
1279 2383 1542 2447 tempore
1583 2364 1975 2446 conqueritur,
2051 2383 2058 2401 ²

248 2444 285 2476 ἃ
331 2445 541 2516 dicenS,
587 2449 725 2528 quod
750 2452 1008 2526 scribunt,
1057 2469 1156 2515 non
1202 2449 1337 2530 quod
1377 2451 1673 2517 inveniunt,
1723 2445 1824 2523 sed
1845 2447 1982 2524 quod

251 2526 569 2607 intell'igmztt
656 2529 738 2588 Et
766 2530 1122 2613 Epiphanius
1167 2532 1269 2602 ait,
1315 2529 1362 2601 †
1392 2532 1448 2588 in
1477 2531 1618 2588 bonis
1647 2527 1715 2588 δέ
1737 2533 1980 2586 correcflis
2028 2524 2057 2563 ‘⁷⁵³

249 2608 662 2686 exemplaribut
684 2615 851 2674 Lucoe
891 2613 1148 2692 striptum
1181 2608 1359 2690 suff,
1425 2610 1561 2689 quod
1606 2609 1846 2682 Christus
1893 2608 1980 2667 la·
2046 2603 2059 2666 :f

250 2690 553 2768 chrymatus
607 2693 706 2769 fit,
779 2715 991 2774 eumque
1034 2693 1217 2763 locum,
1284 2692 1352 2752 ab
1399 2691 1603 2750 Irenaeo
1667 2689 1975 2770 allegatum,
2040 2691 2057 2762 ,ζ

253 2770 550 2829 Catholicos
597 2787 769 2833 autem
818 2774 1075 2854 deleviffi’‚
1135 2776 1408 2843 timentes‚‘
1454 2792 1519 2832 ne
1565 2773 1798 2831 haeretici
1833 2771 1982 2848 abusi

237 2851 476 2929 fuiffl’nt.
562 2853 655 2912 Ex
678 2856 891 2914 Marco
919 2857 1093 2915 etiam
1131 2855 1230 2914 alii
1270 2870 1459 2934 patres
1480 2853 1732 2932 integros
1759 2837 1980 2932 aliquos

255 2932 466 3002 versUS‚
514 2934 983 2996 Manichaeorum
1004 2937 1187 3007 causa,
1232 2935 1485 2996 sublatos
1506 2935 1812 2994 affirmant.
1871 2931 2010 2991 Sed⁴

223 3026 557 3092 praeterea,
604 3016 782 3077 variae
812 3017 1081 3078 lectiones
1116 3016 1365 3079 Hebraei
1392 3013 1728 3076 characteris
1758 3011 1976 3072 ratione

1731 3093 1978 3172 puncto-

256 3264 659 3425 ᾆορῖ.1ξῗὲῖὶ,,νῑρ”
697 3300 776 3349 ²8·
809 3301 868 3357 “d
907 3303 1063 3373 Lucia.
1100 3315 1205 3369 Pag·
1238 3311 1357 3365 247·
1419 3294 1688 3362 ssssp-''phan-
1714 3294 1765 3348 in
1783 3285 1978 3348 Ancho'r.
