2086 3640
252 99 375 158 226
562 95 1043 157 THESJS
1123 21 1689 155 DECIMA.

248 225 426 286 quam
467 204 756 265 observati
794 201 1024 262 fuerint.
1107 201 1309 280 Itaque
1342 199 1576 260 ecclefia
1604 201 1753 276 haeq,
1797 221 1978 282 quan-

249 306 426 364 quam
485 285 709 365 semper
758 285 1015 354 extabat,
1080 281 1229 362 saepe
1295 280 1454 360 quafi
1510 277 1803 343 invisibilis
1840 284 1975 355 fuit,

250 367 408 444 quod
448 363 630 444 hujus'
654 365 822 426 seculi
863 363 1165 425 hominum
1212 361 1705 455 observationibus
1733 383 1850 424 non
1869 367 1982 427 ob-

249 447 344 508 via
383 447 578 519 fuerit,
625 446 877 528 dispersa.
910 446 1147 527 quippe,
1193 460 1260 503 ut
1279 442 1361 503 ait
1398 442 1718 524 Scriptura,
1762 445 1881 524 Jer.
1903 446 1982 505 iii:

261 551 353 604 14.
399 550 561 588 unum
604 549 668 589 ex
723 531 941 588 civitate
979 528 1057 589 ⁴&
1095 530 1236 588 binos
1282 545 1348 585 ex
1364 525 1619 604 familia.
1724 524 1809 586 Et
1849 527 1987 588 licet

250 609 488 670 ecclesia
536 611 647 670 hoc
697 609 948 691 respectu
974 611 1051 671 ab
1084 606 1273 688 impiis
1295 605 1566 666 abscondi
1586 609 1781 690 poflit,
1826 607 1989 688 quod

251 691 464 753 nonin
499 691 786 767 visibilem
822 691 1077 772 aliquam
1124 687 1360 750 externe
1398 685 1765 766 conjun'Etam
1805 689 1981 750 socie-

252 789 439 833 tatem
482 795 591 836 con
639 789 855 855 regam,
902 773 1022 834 imo
1041 809 1044 813 >
1063 773 1124 833 &
1164 771 1194 829 Ξι
1248 769 1587 850 quibusdam
1609 770 1781 853 ipsius
1802 792 1989 835 mem-

254 856 372 914 bris
422 876 538 919 non
586 795 714 916 {fis
750 855 1063 916 ‘observata
1109 853 1223 920 fit;
1289 872 1405 913 non
1454 852 1627 932 pauci
1673 866 1866 912 tamen
1914 853 1990 912 ad

254 958 382 996 eam
422 937 708 1015 pertinere
754 937 1020 1017 poffunt3
1066 934 1146 995 ita
1189 933 1322 1004 fuit,
1368 933 1603 1014 quando
1652 934 1992 1013 conquestus

254 1020 336 1077 est
380 1018 536 1079 Elias
582 1019 636 1076 se
676 1021 911 1078 unicum
952 1017 1217 1077 relietum
1264 1012 1445 1087 fuiss'e,
1500 1037 1524 1076 1
1559 1015 1712 1096 Reg.
1739 1015 1858 1077 xix.
1897 1019 1993 1076 18:

257 1100 367 1158 Cui
432 1100 723 1179 respondit
786 1100 964 1171 Deu3‚
1030 1098 1253 1179 reliquos
1301 1110 1476 1157 autem
1523 1097 1640 1175 feci
1685 1117 1752 1174 fx
1793 1096 1994 1177 Istaele

241 1184 431 1259 fiepties
479 1181 642 1252 mille,
688 1202 904 1262 quorum
939 1183 1114 1242 omnia
1139 1199 1314 1262 genua
1360 1200 1461 1239 non
1478 1191 1850 1238 curvaverunt
1874 1178 1993 1238 Ba-

236 1263 412 1321 hali:
458 1265 517 1322 &
568 1262 696 1322 hinc
732 1263 908 1322 etiam
950 1260 1144 1341 arguit
1182 1259 1526 1341 Apostolus,
1571 1261 1751 1320 Rom.
1775 1258 1853 1320 xi.
1889 1261 1994 1340 fu—

253 1346 345 1424 isse
375 1347 472 1423 suo
518 1358 746 1423 tempore
789 1344 1064 1422 rcfiduum.
1264 1367 1267 1371 ’
1668 1362 1671 1366 ’

342 1427 444 1486 ΙΙΙ.
497 1429 820 1497 SECUNDO,
886 1422 1296 1484 consideranda
1363 1422 1446 1484 est
1504 1420 1760 1492 ecclesia,
1819 1438 2001 1503 prout

259 1508 549 1587 significat
565 1523 788 1565 certum
808 1505 1069 1564 fidelium
1109 1524 1441 1575 numerum,
1485 1503 1805 1563 velfideles
1831 1505 1999 1583 quos-

245 1591 420 1659 -dam,
488 1587 599 1647 Dei
640 1585 839 1668 spiritu
869 1579 964 1644 Qc
1004 1585 1372 1665 quorundam
1432 1583 1555 1663 ejus
1600 1583 1999 1645 ministrorum

260 1669 592 1730 testimonio
629 1683 1037 1748 congregat03‚
1084 1686 1227 1746 quos
1267 1664 1384 1746 ipse
1431 1683 1504 1724 eo
1546 1665 1665 1726 fine
1691 1663 1999 1738 suscitavit,

262 1754 320 1811 in
370 1752 548 1811 fidem
589 1770 863 1811 verorum
906 1747 1328 1830 principiorum
1376 1745 1439 1806 &
1476 1745 1873 1808 doctrinarum
1930 1746 2004 1808 fi-

263 1835 356 1894 dei
399 1832 740 1893 Christianae
789 1831 1090 1901 adduaos,
1172 1847 1425 1910 quorum
1467 1828 1645 1890 corda
1683 1828 1893 1889 eodem
1940 1849 2002 1890 a·

264 1935 430 1978 more
469 1914 651 1985 unita,
695 1913 759 1972 &
793 1912 1112 1973 intellectus
1154 1910 1359 1971 eadem
1407 1910 1650 1972 veritate
1688 1908 2006 1973 illuminati

265 2012 695 2076 congregantur
721 1995 783 2051 &
832 1993 1000 2053 fimul
1021 1991 1390 2064 conveniunt,
1434 2007 1503 2052 ut
1522 1992 1655 2053 Deo
1682 1991 2004 2064 attendant‚'

267 2079 549 2156 illumque
599 2077 866 2146 adorent,
912 2077 975 2135 ὅτ
1014 2070 1360 2134 unanimiter
1408 2092 1522 2152 pro
1562 2073 1665 2134 illo
1687 2071 2007 2134 testimoni-

267 2179 369 2218 um
418 2157 758 2238 perhibeant
798 2170 1001 2217 contra
1040 2175 1320 2224 errorem,
1366 2153 1592 2233 ejusque
1629 2152 1794 2216 causa
1823 2153 2006 2216 liben-

266 2257 359 2301 ter
393 2239 845 2320 persecutionem
887 2236 1228 2318 patiantur;
1271 2237 1332 2295 &
1364 2235 1469 2294 hac
1510 2234 1800 2307 societate,
1845 2235 2008 2316 quasi
2085 2296 2086 2299 ,

270 2321 380 2382 una
410 2321 659 2392 familia,
735 2318 1022 2397 conjunsti
1059 2317 1122 2376 δε
1169 2317 1327 2387 fasti,
1413 2315 1511 2376 alii
1570 2317 1715 2378 alios
1771 2310 2004 2390 dbcent,
2060 2375 2063 2380 .

270 2402 577 2476 instruunt,
628 2403 689 2460 &
730 2421 839 2480 pro
880 2398 1081 2461 animis
1129 2398 1235 2459 suis
1283 2397 1530 2459 invicem
1585 2397 1857 2479 vigilant,
1928 2399 2010 2459 se-

271 2485 526 2545 cundum
566 2482 994 2563 uniuscujusque
1051 2481 1373 2541 mensuram
1414 2482 1477 2542 &
1524 2480 1821 2562 gratiam:
1865 2480 2009 2540 tales

271 2567 508 2626 fuerunt
543 2565 980 2648 primitivorum
1022 2579 1357 2643 temporum
1405 2561 1660 2622 ecclefiae
1706 2564 1783 2623 ab
1833 2562 2008 2640 Apo-

270 2648 431 2707 stolis
471 2661 866 2727 congregatae,
926 2665 1175 2725 quarum
1223 2641 1537 2703 memin6re
1582 2643 1757 2704 sacrae
1804 2642 2006 2702 literae.

228 2757 231 2759 >
274 2729 460 2813 Qod
495 2747 690 2790 autem
732 2727 807 2786 ad
843 2727 1058 2805 ecclefiae
1097 2724 1458 2803 vffibilitatm
1494 2725 1720 2797 attinet,
1766 2723 1878 2784 hoc
1921 2743 2009 2783 re-

272 2812 467 2891 speetu
529 2831 755 2889 magna«
790 2808 902 2868 fuit
942 2805 1288 2888 interruptio
1336 2805 1367 2863 ἐι
1431 2807 1635 2868 diebus
1682 2805 2011 2889 Apostolo-
2063 2809 2065 2812 ’

273 2912 406 2953 rum
448 2894 529 2952 ob
570 2889 932 2972 apostasiam,
979 2897 1045 2950 ut
1091 2887 1572 2979 postea-patebit.

2045 2893 2064 2944 α·

355 2974 466 3034 IV.
510 2973 809 3043 leonum,
870 2987 938 3030 ut
1000 2971 1071 3031 fit
1136 2970 1717 3051 ahquis‘rnembrum
1755 2943 2058 3028 ecclefiaei

276 3055 602 3127 catholicae,
676 3053 979 3115 necessaria
1017 3055 1098 3112 est
1137 3053 1359 3112 interna
1397 3051 1633 3112 vocatio
1662 3048 1772 3109 Dei
1793 3039 2054 3142 lumine}

275 3138 376 3195 suo
418 3135 475 3195 in
515 3137 711 3206 corde,
755 3135 818 3192 &
857 3148 924 3192 ut
965 3154 1068 3192 cor
1107 3135 1485 3195 fermentetur
1525 3130 1725 3194 natura
1772 3133 1835 3192 &
1882 3129 2050 3208 Spi-

278 3216 392 3274 ritu
438 3217 624 3295 hujus‚
670 3218 748 3276 ita
785 3229 853 3274 ut
893 3213 1226 3294 injustitiam
1271 3215 1508 3285 deserat,
1580 3212 1643 3271 &
1687 3210 1761 3270 ad
1798 3208 2038 3287 justiti-z

234 3306 383 3380 ‘arn-
425 3306 816 3374 convertatur,
881 3296 948 3366 ὅτ’
980 3313 1048 3367 ut
1075 3296 1356 3364 interiore
1379 3295 1604 3383 animae·
1647 3306 1817 3377 parte
1855 3289 2023 3435 exsti}
2036 3295 2037 3298 ’
