2086 3640
201 67 310 133 168
479 61 1667 127 THESISSEPSI'IMA.

192 190 440 259 propter
500 191 568 230 ea
618 176 1014 231 remuneratur
1065 191 1136 231 ex
1200 169 1294 228 sua
1354 170 1588 250 propria
1624 169 1685 228 &
1731 168 1912 235 liber&

194 254 402 336 grati-3.
487 250 706 320 Ponto,
752 251 864 312 hoc
909 251 1109 322 m0d0,
1155 251 1560 311 controverfiae
1601 250 1779 321 statu,-
1832 252 1915 315 se·-

194 349 431 415 quentes
471 332 563 392 hae
611 330 1029 411 propofitiones
1075 330 1207 395 inde
1248 332 1590 412 proveniunt
1624 331 1787 392 nobis
1833 332 1915 391 se-

195 428 409 496 quente
442 412 576 473 loco
625 411 961 492 probandae.

278 493 388 553 IV.
421 493 670 564 PRIMO,
716 492 874 571 quod
914 491 1240 555 obedientia
1270 492 1331 552 &
1367 493 1548 572 paffio
1584 490 1795 556 Christi
1850 490 1920 558 i}-

199 573 303 636 lud
349 573 452 643 est,
498 593 616 652 quo
671 574 864 634 anima
912 575 1293 635 remiffionern
1350 588 1734 666 peccatorum
1767 572 1924 634 obti-

198 671 352 723 neat,
419 674 554 713 cum
621 653 692 714 fit
737 654 898 715 causa
941 675 1254 735 procurans
1291 654 1443 714 istlus
1531 654 1690 714 ratiae
1736 663 1794 718 ὃῑ
1840 653 1921 712 se·

200 735 392 807 minis,
437 732 596 811 cujus
635 732 864 796 internis
885 735 1311 817 operationibus
1334 674 1590 794 Chriffius
1625 733 1777 794 intus
1796 733 1923 794 for·

202 832 421 886 matur,
492 815 556 874 &
603 816 794 896 anima
831 815 916 877 illi
956 815 1268 879 conformis
1334 816 1426 888 fit,
1471 808 1710 894 ideoque
1743 813 1926 894 justus

202 897 269 956 &
299 895 668 975 justificatus,
713 896 774 957 δι
814 897 972 974 quod
1009 899 1258 978 respeetu
1306 895 1471 976 hujus
1517 894 1929 977 capacitatis&

203 977 411 1058 gratiae
448 976 758 1053 oblationis
799 978 958 1040 Deus
985 978 1196 1040 dicitur
1217 976 1590 1048 reconciliari,
1634 996 1751 1037 non
1771 974 1929 1056 quast

207 1058 509 1121 ac‘tualiter
552 1057 944 1121 reconciliatus
991 1060 1148 1131 esset,
1213 1075 1315 1125 aut
1360 1056 1692 1138 quempiam
1719 1055 1931 1135 justifi-

207 1155 387 1210 caret,
451 1138 544 1202 vel
574 1138 954 1223 justificatum
990 1155 1226 1210 teneret,
1271 1139 1410 1199 dum
1450 1137 1662 1200 interea
1707 1136 1937 1198 rea-liter

209 1221 269 1286 in
303 1218 547 1298 peccatis
595 1219 825 1300 impiu3‚
870 1220 1129 1302 impurus
1165 1221 1227 1280 &
1263 1219 1496 1300 injustus
1534 1234 1852 1300 permanet.

292 1303 616 1371 SECUNDO,
663 1300 818 1380 quod
861 1301 1086 1363 interno
1118 1304 1230 1363 hoc
1270 1317 1442 1381 partu
1484 1298 1697 1364 Christi
1744 1298 1800 1357 in
1830 1298 1935 1357 ho*

210 1380 386 1451 mine,
446 1381 626 1440 horno
691 1381 762 1440 fit
817 1382 1013 1458 justu5‚
1051 1382 1297 1463 'ideoque
1325 1380 1667 1461 justificatus
1702 1378 1733 1437 ὲ
1781 1379 1934 1450 Dec,

210 1461 452 1531 idcirce,
514 1460 555 1518 fi
603 1461 815 1521 necesse
852 1462 922 1521 fit
976 1465 1088 1524 hoc
1132 1465 1318 1523 verbo
1368 1461 1474 1532 uti,
1555 1480 1625 1520 oc
1678 1461 1765 1535 (ὅτ
1821 1481 1937 1519 non

211 1541 317 1604 nifi
366 1540 459 1604 hic
510 1541 823 1620 produfms
862 1541 932 1603 fit
963 1544 1021 1602 in
1050 1543 1239 1619 nobis)
1299 1541 1453 1601 form
1518 1545 1623 1600 iter
1667 1538 1941 1616 justifica-

214 1642 349 1683 mur
377 1621 433 1681 in
462 1621 766 1702 conspeetu
789 1622 922 1693 Dei,
967 1623 1101 1703 quia
1123 1621 1461 1702 justificatio
1509 1621 1570 1686 δι·
1598 1641 1692 1680 ma
1738 1620 1782 1679 is
1803 1641 1942 1701 prov

210 1702 339 1786 prie
388 1702 450 1763 ὅτ,
491 1700 575 1763 fre
619 1718 817 1764 uenter
855 1703 913 1764 in
953 1703 1247 1784 Scriptura
1294 1702 1351 1763 in
1392 1700 1628 1782 propria
1684 1645 1776 1761 ἔιὲι
1827 1700 1941 1791 fig·-

215 1784 548 1846 nificatione
604 1782 839 1855 umitur‚
883 1804 1002 1864 quo
1042 1783 1254 1846 scilicet
1290 1783 1576 1862 fignificat
1603 1780 1822 1862 justum
1858 1786 1944 1842 rave

215 1884 366 1936 cere,
439 1884 554 1922 non
610 1862 832 1942 justum
881 1865 1131 1945 aliquem
1171 1881 1469 1951 reputare,
1514 1863 1576 1928 &
1617 1880 1753 1924 tunc
1789 1862 1945 1925 idem

215 1945 302 2005 est
341 1965 476 2004 cum
521 1943 982 2009 sanetificatione.

302 2025 597 2095 TERTIO,
643 2045 777 2084 curn
824 2026 976 2086 bona
1029 2045 1210 2106 opera
1250 2024 1556 2086 necessario
1606 2024 1670 2084 ὅτ
1717 2040 1946 2084 natura-

217 2106 354 2168 liter
390 2105 707 2186 procedant
753 2104 785 2162 Ξι
833 2121 1004 2184 partu
1044 2107 1177 2176 hoe,
1254 2106 1394 2166 ficut
1442 2106 1601 2166 calor
1655 2106 1732 2166 ab
1787 2104 1946 2183 igne,

218 2187 349 2247 ideo
390 2186 648 2247 absolute
677 2185 975 2251 necessaria
995 2187 1121 2246 sunt
1148 2187 1221 2247 ad
1267 2185 1760 2265 justificationem,
1789 2185 1949 2264 quast

220 2267 379 2347 causa
399 2269 520 2345 fine
559 2268 677 2349 qud'
707 2287 830 2337 non,
877 2266 1014 2326 licet
1052 2287 1169 2327 non
1207 2267 1354 2327 illud
1391 2280 1616 2346 propter
1653 2266 1806 2348 quod,
1861 2282 1949 2326 ta·-

223 2367 359 2409 men
395 2347 454 2407 id
491 2352 544 2409 in
585 2369 683 2429 quo
719 2346 1128 2426 justificamur,
1195 2348 1257 2409 &
1304 2349 1425 2425 fine
1460 2370 1556 2429 quo
1595 2368 1720 2408 non
1759 2349 1951 2428 poffu÷

218 2447 353 2489 mus
400 2427 735 2506 justificari:
781 2428 844 2487 &
880 2429 1140 2508 quamvis
1182 2450 1298 2488 non
1342 2428 1451 2489 fint
1492 2427 1807 2499 meritoria,
1851 2448 1952 2487 ne«

223 2529 335 2589 que
377 2510 573 2570 Deum
604 2509 771 2569 nobis
815 2509 1138 2571 debitorem
1191 2509 1452 2580 reddant,
1525 2526 1721 2571 tamen
1766 2509 1954 2571 neces-2

223 2587 371 2650 sario
403 2604 667 2670 acceptat
697 2589 759 2648 &
799 2606 1196 2649 remuneratur
1236 2612 1322 2661 ea,
1403 2589 1534 2670 quia
1591 2604 1812 2651 naturae
1837 2589 1955 2650 suae

225 2670 584 2730 contrarium
629 2669 713 2730 est
751 2670 911 2751 quod
973 2669 1005 2727 Ξι
1069 2670 1285 2750 Spiritu
1325 2671 1424 2731 suo
1473 2670 1742 2750 provenit
1781 2669 1954 2730 dene-

225 2771 384 2831 gare.
470 2751 553 2811 Et
576 2750 709 2830 quia
746 2769 923 2831 opera
950 2750 1088 2811 talia
1110 2772 1254 2830 pura
1296 2752 1357 2811 &
1394 2752 1648 2832 perfecta
1687 2751 1794 2811 effe
1823 2750 1959 2830 pos«

224 2834 377 2902 sunt,
442 2826 578 2892 etim
615 2832 647 2889 a
700 2852 851 2911 puro
888 2831 950 2893 ὅτ
989 2831 1180 2893 sanCto
1221 2849 1391 2912 partu
1428 2833 1792 2914 proveniant,
1834 2831 1956 2896 ide-¹

227 2933 382 2992 oque
421 2932 626 2973 eorum
676 2913 948 2973 sententia
991 2911 1130 2972 falsa
1173 2913 1273 2984 est,
1320 2913 1380 2971 &
1441 2912 1670 2974 veritati
1719 2928 1951 2973 contra-

213 2993 338 3063 rria,
383 2994 480 3073 qui
516 2993 696 3064 aiunt,
740 2993 1077 3053 sanetiffima
1124 2995 1467 3053 Sanaorum
1499 3015 1672 3076 opera
1699 2993 1805 3053 effe
1822 2989 1955 3070 pol-

228 3071 354 3134 luta
397 3074 457 3132 ὅτ
480 3072 942 3153 Ρεεεαῑίῐῃαεῑηᾶ
983 3073 1308 3152 inquinata:
1361 3095 1493 3135 nam
1518 3078 1670 3138 bona
1694 3072 1794 3134 illa
1810 3089 1956 3148 ope-

231 3169 319 3222 ra,
362 3152 434 3210 de
475 3154 680 3230 quibus
698 3154 1013 3231 loquimur,
1059 3174 1174 3217 non
1198 3155 1325 3215 sunt
1345 3176 1410 3216 ea
1432 3175 1608 3236 opera
1634 3151 1796 3230 legis,
1819 3169 1954 3229 quae

238 3231 556 3312 Apostohzs
602 3232 631 3291 a
665 3232 1071 3314 justificatione
1097 3235 1367 3298 excludit.

1629 3311 1707 3392 V.
1753 3271 1950 3398 Qen-
