2086 3640
220 84 262 139 4
495 61 974 124 THESJS
1043 58 1690 137 SECUNDA,

306 191 486 250 quum
541 166 840 247 objeftum
881 166 1015 226 fidei
1063 166 1392 227 sanetorum
1438 167 1591 229 idem
1634 169 1707 230 fit
1748 169 1807 230 in
1832 191 1966 232 om-

308 254 475 312 nibus
504 250 720 320 seculi3‚
782 248 918 308 licet
960 247 1066 308 sub
1109 247 1341 308 diverfis
1381 247 1967 314 administrationibus

313 334 657 393 exhibitum.
720 331 898 390 Porro
921 329 1119 398 divinae
1148 329 1496 391 revelationes
1530 334 1777 404 internoe,
1835 355 1967 416 quas

312 415 388 473 ad
415 412 760 492 fundandam
802 431 991 471 veram
1036 411 1204 488 fidem
1258 412 1488 492 absolute*
1527 414 1834 495 necffzrias
1872 415 1969 496 ff

312 495 650 571 adstruimus,
695 506 905 554 externo
924 495 1327 573 Scripturarum
1357 495 1661 571 testimonio,
1705 509 1802 556 aut
1810 496 1967 575 sance

314 579 532 649 rationi,
577 589 638 636 ut
669 597 761 636 nec
795 575 1178 645 contradicunt,
1222 578 1303 636 ita
1329 597 1421 635 nec
1446 597 1677 660 unquam
1702 577 1969 638 contradi-

312 680 427 719 cere
450 658 676 738 poffitnt.
759 656 887 719 Non
914 671 1091 718 tamen
1128 656 1251 718 inde
1270 657 1530 736 sequitur,
1573 657 1713 741 quod
1754 659 1840 719 hoe
1884 681 1971 719 re·

313 740 604 803 velationes
641 739 840 801 divinae
885 739 962 799 ad
1005 752 1277 799 externum
1311 739 1713 817 Scripturarum
1747 740 1971 820 testimo-

315 826 481 895 nium,
528 835 624 883 aut
665 824 824 883 etiam
865 821 942 881 ad
989 823 1248 881 rationem
1295 819 1599 882 naturalem
1633 823 1727 902 seu
1781 822 1972 891 huma-

318 927 468 978 nam,
511 919 766 986 tanquam
799 903 873 963 ad
895 903 1197 964 nobiliorem
1235 914 1331 961 aut
1345 904 1614 963 certiorem
1631 924 1873 964 normam
1900 904 1974 966 &

315 987 573 1063 amuffim,
618 987 919 1046 examinari
967 985 1203 1045 debeant.
1287 981 1438 1043 Nam
1482 982 1671 1049 divina
1716 985 1976 1046 revelatio

318 1069 390 1131 δέ
419 1069 737 1129 illuminatio
781 1070 992 1127 interna
1019 1068 1090 1144 est
1125 1064 1374 1148 quiddam
1405 1082 1511 1144 per
1539 1064 1603 1145 ft
1643 1066 1855 1128 evidens
1903 1066 1975 1129 ξεῖ

318 1151 550 1221 clarum,
597 1148 916 1209 intellee‘ium
960 1149 1085 1209 bene
1134 1148 1447 1228 dispofitum‚
1499 1148 1732 1228 propr-id
1762 1146 1977 1208 eviden-

319 1233 404 1292 tid
443 1233 512 1294 ΕΒ
559 1231 828 1301 claritate,
873 1251 1049 1311 cogens
1083 1230 1160 1290 ad
1192 1229 1583 1309 afflntiendum,
1641 1241 1799 1310 atque
1839 1231 1978 1310 insu-

310 1312 632 1392 perabiliter
660 1333 869 1372 movens
899 1313 970 1374 &
1023 1313 1265 1392 fleHens,
1309 1332 1411 1372 non
1440 1314 1611 1371 minus
1638 1312 1799 1392 quam
1815 1315 1976 1390 prin-

319 1398 460 1474 cipia
487 1398 778 1455 communia
804 1398 1099 1454 veritatum
1132 1392 1468 1454 naturalium
1494 1396 1525 1469 (
1526 1390 1800 1474 cujusmodi
1796 1391 1974 1534 ἐζὶοιι,

321 1478 556 1536 Totum
593 1476 672 1535 est
720 1475 902 1554 majus
934 1474 1029 1534 sua
1078 1491 1243 1556 parte
1276 1499 1295 1541 ·,
1357 1474 1498 1534 Duo
1532 1472 1793 1535 contradi
1854 1474 1980 1535 oria

322 1577 440 1618 non
485 1558 718 1638 poffunt
759 1558 868 1618 effe
910 1556 1079 1616 fimul
1107 1576 1246 1616 vera
1294 1570 1398 1615 aut
1424 1553 1587 1635 falsa)
1631 1568 1842 1618 movent
1873 1556 1979 1638 fle-

322 1646 567 1721 fiuntque
594 1641 827 1700 animum
857 1638 933 1698 ad
956 1637 1202 1718 affinfhm
1228 1636 1554 1699 naturalem.

241 1803 287 1862 Ι.
333 1806 491 1953 V
509 1800 1019 1864 ERISIMILE
1043 1801 1146 1873 est,
1162 1801 1446 1884 plerisque
1471 1799 1867 1864 carnalibus&
1882 1821 1980 1864 na·

539 1885 821 1945 turalibus
851 1883 1187 1945 Christianis
1216 1883 1436 1943 Thefin
1465 1883 1612 1944 hanc
1635 1882 1824 1945 minus
1841 1894 1981 1965 pro·
2082 1899 2086 1923 ¹

242 1963 500 2026 habilem
534 1966 714 2025 videri
757 1965 936 2045 poffe,
998 1963 1119 2045 qui,
1186 1966 1324 2025 etim
1352 1964 1600 2045 Spiritus
1644 1963 1756 2024 Dei
1784 1966 1983 2026 motus

241 2047 303 2106 &
325 2046 672 2125 operationis
701 2047 758 2106 in
792 2045 1062 2108 cordibus
1097 2046 1206 2106 suis
1234 2046 1463 2127 prorsus
1491 2045 1679 2128 ignari
1695 2044 1826 2119 tint,
1844 2066 1982 2109 eum
2032 2105 2034 2112 λ
2079 2116 2082 2121 ,

240 2129 405 2190 nullo
449 2127 629 2188 modo
664 2129 1034 2189 necessarium
1071 2129 1179 2190 effe
1215 2127 1543 2190 existimant
1573 2152 1594 2197 ς
1664 2126 1788 2188 imo
1829 2126 1981 2201 sunt,

241 2211 344 2292 qui
372 2208 484 2291 hoc
512 2230 616 2271 ceu
640 2231 762 2272 rem
791 2209 1061 2270 stolidam
1087 2209 1345 2271 deridere
1376 2210 1644 2282 audeant,
1697 2207 1856 2292 quafi
1884 2211 1982 2270 ne-

243 2311 346 2353 mo
380 2290 438 2349 id
482 2290 589 2352 fibi
616 2293 918 2354 vendicare
947 2292 1061 2351 fine
1098 2291 1448 2353 contumelia
1478 2292 1671 2374 poffit.
1754 2289 1984 2351 Scilicet
2027 2280 2033 2350 ἶ.

222 2373 492 2452 ‘eousque
535 2373 794 2456 plerique
828 2373 1137 2435 Christiani
1179 2371 1513 2435 defecerunt
1563 2372 1627 2432 δι’
1671 2370 1985 2452 degenera—
2029 2376 2032 2389 '

244 2469 402 2525 runt,
450 2454 585 2514 licet
611 2455 753 2514 nihil
783 2454 1127 2515 luculentius
1154 2456 1538 2527 affirmatum,
1577 2450 1718 2513 nihil
1746 2454 1984 2533 gravius
2062 2460 2086 2500 Β

245 2535 741 2607 commendatum,
804 2536 947 2596 nihil
997 2537 1205 2598 certius
1249 2536 1665 2598 confirmatum
1715 2532 1773 2593 in
1817 2534 1987 2596 sacris
2065 2541 2086 2601 Ρ

243 2617 554 2697 Scripturis
583 2616 674 2690 fit,
699 2629 892 2677 tamen
914 2616 1056 2676 nihil
1085 2617 1274 2678 minus
1300 2631 1628 2697 expetatur,
1662 2633 1768 2674 nec
1798 2616 1987 2696 magis
2062 2625 2086 2694 *ζ

243 2699 593 2794 explodatur
650 2699 727 2760 ab
781 2698 1053 2791 omnibus
1114 2696 1255 2790 fere·
1289 2696 1752 2790 Christianorum
1798 2695 1982 2790 seEtiS,

244 2777 1724 2943 ‘effi133?ffizulssffaqffaanzffiffissssffb232¹?ssss
1749 2777 2014 2942 ςηῗὲᾄῖῗ

244 2945 410 3002 ritum
444 2939 645 3015 Christi
676 2943 960 3014 habebant,
991 2942 1171 3003 Rom.
1201 2940 1321 3000 viii.
1352 2961 1411 3021 9.
1471 2938 1584 3000 Sed
1611 2939 1783 3001 hodie
1811 2940 2003 3002 multi*

223 3023 516 3087 ‚audaCter
537 3022 591 3083 se
619 3022 970 3083 Christianos
990 3022 1330 3104 praedicant,
1376 3023 1477 3102 qui
1503 3018 1673 3083 facile
1699 3020 1988 3095 confiten-

247 3118 344 3160 tur
371 3103 424 3162 se
468 3104 579 3162 hoc
606 3103 824 3183 Spiritu
857 3124 1071 3176 carere,
1115 3103 1178 3163 &
1219 3103 1251 3163 ὲ
1279 3118 1483 3163 contra
1509 3122 1628 3174 eos,
1673 3101 1776 3183 qui
1801 3101 1987 3182 Spiri-

245 3197 374 3243 tum
422 3183 655 3253 habent,
699 3180 976 3245 derident.
1064 3185 1231 3244 Olim
1278 3183 1367 3245 illi
1411 3182 1530 3259 filii
1572 3184 1685 3245 Dei
1716 3185 2013 3269 existima-t
2049 3193 2086 3237 n:

246 3264 465 3362 bantur,
510 3268 598 3346 qui
622 3265 732 3330 Dei
765 3267 969 3346 Spiritu
1004 3269 1114 3330 atti
1137 3278 1315 3339 erant,
1354 3263 1493 3327 ibid.
1518 3263 1664 3327 vers.
1717 3241 2018 3408 ι4.ὴο8ἀο<ἔὶξ
2049 3254 2080 3396 {t

1929 3364 2017 3413 ie„
2076 3363 2086 3422 ,τ
