<?xml version="1.0" encoding="UTF-8"?>
<!DOCTYPE html PUBLIC "-//W3C//DTD XHTML 1.0 Transitional//EN"
    "http://www.w3.org/TR/xhtml1/DTD/xhtml1-transitional.dtd">
<html xmlns="http://www.w3.org/1999/xhtml" xml:lang="en" lang="en">
 <head>
  <title>
</title>
<meta http-equiv="Content-Type" content="text/html;charset=utf-8" />
  <meta name='ocr-system' content='tesseract 3.04.00' />
  <meta name='ocr-capabilities' content='ocr_page ocr_carea ocr_par ocr_line ocrx_word'/>
</head>
<body>
  <div class='ocr_page' id='page_1' title='image "./theologiaeverech00barcuoft_0355.png"; bbox 0 0 2086 3640; ppageno 0'>
   <div class='ocr_carea' id='block_1_1' title="bbox 813 61 1832 146">
    <p class='ocr_par' dir='ltr' id='par_1_1' title="bbox 813 61 1832 146">
     <span class='ocr_line' id='line_1_1' title="bbox 813 61 1832 146; baseline 0 -22"><span class='ocrx_word' id='word_1_1' title='bbox 813 64 904 124; x_wconf 89' lang='lat' dir='ltr'><em>De</em></span> <span class='ocrx_word' id='word_1_2' title='bbox 942 61 1125 123; x_wconf 73' lang='lat' dir='ltr'><em>Cultu:</em></span> <span class='ocrx_word' id='word_1_3' title='bbox 1714 65 1832 146; x_wconf 68' lang='lat'><em>3&#39;27</em></span> 
     </span>
    </p>
   </div>
   <div class='ocr_carea' id='block_1_2' title="bbox 15 168 1881 3252">
    <p class='ocr_par' dir='ltr' id='par_1_2' title="bbox 15 168 1881 2928">
     <span class='ocr_line' id='line_1_2' title="bbox 110 168 1834 254; baseline -0.002 -19"><span class='ocrx_word' id='word_1_4' title='bbox 110 194 168 252; x_wconf 84' lang='lat'><em>5.</em></span> <span class='ocrx_word' id='word_1_5' title='bbox 212 175 284 235; x_wconf 88' lang='lat' dir='ltr'><em>de</em></span> <span class='ocrx_word' id='word_1_6' title='bbox 318 171 656 254; x_wconf 65' lang='lat' dir='ltr'><em>Prophetifi‚</em></span> <span class='ocrx_word' id='word_1_7' title='bbox 710 190 834 252; x_wconf 88' lang='lat' dir='ltr'><em>cap.</em></span> <span class='ocrx_word' id='word_1_8' title='bbox 882 171 957 230; x_wconf 85' lang='lat' dir='ltr'><em>iii.</em></span> <span class='ocrx_word' id='word_1_9' title='bbox 1004 170 1107 229; x_wconf 89' lang='lat' dir='ltr'><em>Ubi</em></span> <span class='ocrx_word' id='word_1_10' title='bbox 1134 170 1256 249; x_wconf 90' lang='lat' dir='ltr'><em>jam</em></span> <span class='ocrx_word' id='word_1_11' title='bbox 1284 171 1433 248; x_wconf 84' lang='lat' dir='ltr'><em>fimt,</em></span> <span class='ocrx_word' id='word_1_12' title='bbox 1479 171 1570 247; x_wconf 85' lang='lat' dir='ltr'><em>qui</em></span> <span class='ocrx_word' id='word_1_13' title='bbox 1595 168 1834 248; x_wconf 85' lang='lat' dir='ltr'><em>glorian·-</em></span> 
     </span>
     <span class='ocr_line' id='line_1_3' title="bbox 15 249 1833 334; baseline -0.005 -17"><span class='ocrx_word' id='word_1_14' title='bbox 15 297 17 299; x_wconf 28' lang='grc' dir='ltr'>ψ</span> <span class='ocrx_word' id='word_1_15' title='bbox 107 271 199 317; x_wconf 88' lang='lat' dir='ltr'><em>tur</em></span> <span class='ocrx_word' id='word_1_16' title='bbox 231 259 459 316; x_wconf 88' lang='lat' dir='ltr'><em>inventis</em></span> <span class='ocrx_word' id='word_1_17' title='bbox 480 256 615 334; x_wconf 81' lang='lat' dir='ltr'><em>ficis,</em></span> <span class='ocrx_word' id='word_1_18' title='bbox 687 255 776 333; x_wconf 86' lang='lat' dir='ltr'><em>qui</em></span> <span class='ocrx_word' id='word_1_19' title='bbox 811 253 990 312; x_wconf 87' lang='lat' dir='ltr'><em>dicunt</em></span> <span class='ocrx_word' id='word_1_20' title='bbox 1015 249 1304 328; x_wconf 87' lang='lat' dir='ltr'><em>pulchrum</em></span> <span class='ocrx_word' id='word_1_21' title='bbox 1355 253 1650 319; x_wconf 88' lang='lat' dir='ltr'><em>inventum,</em></span> <span class='ocrx_word' id='word_1_22' title='bbox 1703 252 1833 327; x_wconf 84' lang='lat' dir='ltr'><em>pul-</em></span> 
     </span>
     <span class='ocr_line' id='line_1_4' title="bbox 104 329 1831 410; baseline -0.002 -14"><span class='ocrx_word' id='word_1_23' title='bbox 104 339 290 396; x_wconf 89' lang='lat' dir='ltr'><em>chrum</em></span> <span class='ocrx_word' id='word_1_24' title='bbox 345 335 654 396; x_wconf 87' lang='lat' dir='ltr'><em>inventum!</em></span> <span class='ocrx_word' id='word_1_25' title='bbox 715 337 986 394; x_wconf 86' lang='lat' dir='ltr'><em>inventum</em></span> <span class='ocrx_word' id='word_1_26' title='bbox 1042 344 1214 391; x_wconf 87' lang='lat' dir='ltr'><em>autem</em></span> <span class='ocrx_word' id='word_1_27' title='bbox 1249 345 1443 392; x_wconf 86' lang='lat' dir='ltr'><em>vocant</em></span> <span class='ocrx_word' id='word_1_28' title='bbox 1502 329 1576 400; x_wconf 85' lang='lat' dir='ltr'><em>id,</em></span> <span class='ocrx_word' id='word_1_29' title='bbox 1621 333 1758 410; x_wconf 86' lang='lat' dir='ltr'><em>quod</em></span> <span class='ocrx_word' id='word_1_30' title='bbox 1793 335 1831 392; x_wconf 76' lang='grc' dir='ltr'><em>ιὶ</em></span> 
     </span>
     <span class='ocr_line' id='line_1_5' title="bbox 85 410 1828 497; baseline -0.005 -19"><span class='ocrx_word' id='word_1_31' title='bbox 85 418 267 497; x_wconf 75' lang='lat' dir='ltr'><em>seipsts</em></span> <span class='ocrx_word' id='word_1_32' title='bbox 314 420 688 493; x_wconf 86' lang='lat' dir='ltr'><em>confinxerunt,</em></span> <span class='ocrx_word' id='word_1_33' title='bbox 717 414 817 493; x_wconf 88' lang='lat' dir='ltr'><em>sed</em></span> <span class='ocrx_word' id='word_1_34' title='bbox 851 414 978 494; x_wconf 87' lang='lat' dir='ltr'><em>quid</em></span> <span class='ocrx_word' id='word_1_35' title='bbox 994 411 1246 487; x_wconf 88' lang='lat' dir='ltr'><em>fidelibus</em></span> <span class='ocrx_word' id='word_1_36' title='bbox 1287 413 1356 474; x_wconf 67' lang='lat'><em>{9³</em></span> <span class='ocrx_word' id='word_1_37' title='bbox 1406 410 1689 492; x_wconf 86' lang='lat' dir='ltr'><em>hujusmodi</em></span> <span class='ocrx_word' id='word_1_38' title='bbox 1715 413 1828 492; x_wconf 79' lang='lat' dir='ltr'><em>fig,-</em></span> 
     </span>
     <span class='ocr_line' id='line_1_6' title="bbox 105 493 1824 579; baseline -0.005 -20"><span class='ocrx_word' id='word_1_39' title='bbox 105 503 288 560; x_wconf 80' lang='lat' dir='ltr'><em>mentis</em></span> <span class='ocrx_word' id='word_1_40' title='bbox 308 501 339 556; x_wconf 79' lang='lat'><em>?</em></span> <span class='ocrx_word' id='word_1_41' title='bbox 381 520 482 558; x_wconf 89' lang='lat' dir='ltr'><em>non</em></span> <span class='ocrx_word' id='word_1_42' title='bbox 501 499 780 579; x_wconf 89' lang='lat' dir='ltr'><em>figmenta,</em></span> <span class='ocrx_word' id='word_1_43' title='bbox 825 516 927 554; x_wconf 90' lang='lat' dir='ltr'><em>non</em></span> <span class='ocrx_word' id='word_1_44' title='bbox 949 497 1190 564; x_wconf 87' lang='lat' dir='ltr'><em>inventa,</em></span> <span class='ocrx_word' id='word_1_45' title='bbox 1239 494 1340 571; x_wconf 72' lang='lat' dir='ltr'><em>sed</em></span> <span class='ocrx_word' id='word_1_46' title='bbox 1353 493 1552 572; x_wconf 69' lang='lat' dir='ltr'><em>solida,</em></span> <span class='ocrx_word' id='word_1_47' title='bbox 1596 496 1824 563; x_wconf 68' lang='lat' dir='ltr'><em>invicta,</em></span> 
     </span>
     <span class='ocr_line' id='line_1_7' title="bbox 102 574 1825 659; baseline -0.003 -19"><span class='ocrx_word' id='word_1_48' title='bbox 102 595 300 640; x_wconf 77' lang='lat' dir='ltr'><em>oeterna</em></span> <span class='ocrx_word' id='word_1_49' title='bbox 342 579 655 659; x_wconf 74' lang='lat' dir='ltr'><em>coelestiaque</em></span> <span class='ocrx_word' id='word_1_50' title='bbox 706 575 970 644; x_wconf 87' lang='lat' dir='ltr'><em>volumus,</em></span> <span class='ocrx_word' id='word_1_51' title='bbox 1035 596 1151 653; x_wconf 80' lang='lat' dir='ltr'><em>quoe</em></span> <span class='ocrx_word' id='word_1_52' title='bbox 1193 596 1294 633; x_wconf 88' lang='lat' dir='ltr'><em>non</em></span> <span class='ocrx_word' id='word_1_53' title='bbox 1343 574 1565 635; x_wconf 88' lang='lat' dir='ltr'><em>homines</em></span> <span class='ocrx_word' id='word_1_54' title='bbox 1604 575 1825 634; x_wconf 87' lang='lat' dir='ltr'><em>adinve-</em></span> 
     </span>
     <span class='ocr_line' id='line_1_8' title="bbox 99 656 1831 739; baseline -0.003 -19"><span class='ocrx_word' id='word_1_55' title='bbox 99 675 313 732; x_wconf 89' lang='lat' dir='ltr'><em>nerunt,</em></span> <span class='ocrx_word' id='word_1_56' title='bbox 343 660 444 737; x_wconf 89' lang='lat' dir='ltr'><em>sed</em></span> <span class='ocrx_word' id='word_1_57' title='bbox 486 682 599 739; x_wconf 81' lang='lat' dir='ltr'><em>quae</em></span> <span class='ocrx_word' id='word_1_58' title='bbox 623 658 771 718; x_wconf 87' lang='lat' dir='ltr'><em>Deus</em></span> <span class='ocrx_word' id='word_1_59' title='bbox 809 656 1123 720; x_wconf 79' lang='lat' dir='ltr'><em>revelavit3</em></span> <span class='ocrx_word' id='word_1_60' title='bbox 1152 657 1209 730; x_wconf 83' lang='lat' dir='ltr'><strong><em>fi</em></strong></span> <span class='ocrx_word' id='word_1_61' title='bbox 1249 659 1384 714; x_wconf 86' lang='lat' dir='ltr'><em>enim</em></span> <span class='ocrx_word' id='word_1_62' title='bbox 1400 657 1690 733; x_wconf 73' lang='lat' dir='ltr'><em>Scriptum</em></span> <span class='ocrx_word' id='word_1_63' title='bbox 1711 677 1831 715; x_wconf 53' lang='lat' dir='ltr'><em>cre*</em></span> 
     </span>
     <span class='ocr_line' id='line_1_9' title="bbox 100 735 1830 819; baseline -0.002 -20"><span class='ocrx_word' id='word_1_64' title='bbox 100 741 290 811; x_wconf 85' lang='lat' dir='ltr'><em>dimus,</em></span> <span class='ocrx_word' id='word_1_65' title='bbox 337 743 522 819; x_wconf 86' lang='lat' dir='ltr'><em>nostris</em></span> <span class='ocrx_word' id='word_1_66' title='bbox 562 739 1014 800; x_wconf 83' lang='lat' dir='ltr'><em>adinventionibus</em></span> <span class='ocrx_word' id='word_1_67' title='bbox 1054 735 1194 796; x_wconf 88' lang='lat' dir='ltr'><em>nihil</em></span> <span class='ocrx_word' id='word_1_68' title='bbox 1231 738 1554 813; x_wconf 87' lang='lat' dir='ltr'><em>proficimus,</em></span> <span class='ocrx_word' id='word_1_69' title='bbox 1615 739 1713 814; x_wconf 84' lang='lat' dir='ltr'><em>nist</em></span> <span class='ocrx_word' id='word_1_70' title='bbox 1753 737 1830 797; x_wconf 86' lang='lat' dir='ltr'><em>ad</em></span> 
     </span>
     <span class='ocr_line' id='line_1_10' title="bbox 99 813 1821 899; baseline -0.006 -13"><span class='ocrx_word' id='word_1_71' title='bbox 99 823 279 886; x_wconf 89' lang='lat' dir='ltr'><em>Deum</em></span> <span class='ocrx_word' id='word_1_72' title='bbox 341 826 419 889; x_wconf 17' lang='lat' dir='ltr'><em>in,</em></span> <span class='ocrx_word' id='word_1_73' title='bbox 452 822 681 899; x_wconf 89' lang='lat' dir='ltr'><em>nostram</em></span> <span class='ocrx_word' id='word_1_74' title='bbox 712 820 995 898; x_wconf 83' lang='lat' dir='ltr'><em>perniciem</em></span> <span class='ocrx_word' id='word_1_75' title='bbox 1045 813 1390 877; x_wconf 58' lang='lat' dir='ltr'><em>irritandumss</em></span> <span class='ocrx_word' id='word_1_76' title='bbox 1475 817 1556 876; x_wconf 90' lang='lat' dir='ltr'><em>Et</em></span> <span class='ocrx_word' id='word_1_77' title='bbox 1601 818 1821 896; x_wconf 82' lang='lat' dir='ltr'><em>postea,</em></span> 
     </span>
     <span class='ocr_line' id='line_1_11' title="bbox 99 897 1818 981; baseline -0.002 -19"><span class='ocrx_word' id='word_1_78' title='bbox 99 903 230 963; x_wconf 83' lang='lat' dir='ltr'><em>Vide</em></span> <span class='ocrx_word' id='word_1_79' title='bbox 261 917 455 974; x_wconf 91' lang='lat' dir='ltr'><em>autem,</em></span> <span class='ocrx_word' id='word_1_80' title='bbox 501 924 566 966; x_wconf 85' lang='lat' dir='ltr'><em>ne</em></span> <span class='ocrx_word' id='word_1_81' title='bbox 603 921 833 981; x_wconf 84' lang='lat' dir='ltr'><em>unquam</em></span> <span class='ocrx_word' id='word_1_82' title='bbox 868 898 1107 975; x_wconf 86' lang='lat' dir='ltr'><em>definias,</em></span> <span class='ocrx_word' id='word_1_83' title='bbox 1153 898 1291 977; x_wconf 76' lang='lat' dir='ltr'><em>quod</em></span> <span class='ocrx_word' id='word_1_84' title='bbox 1316 900 1530 976; x_wconf 70' lang='lat' dir='ltr'><em>proecifh</em></span> <span class='ocrx_word' id='word_1_85' title='bbox 1576 897 1818 978; x_wconf 85' lang='lat' dir='ltr'><em>loqueris,</em></span> 
     </span>
     <span class='ocr_line' id='line_1_12' title="bbox 97 978 1822 1064; baseline -0.004 -20"><span class='ocrx_word' id='word_1_86' title='bbox 97 1005 215 1064; x_wconf 80' lang='lat' dir='ltr'><em>quae</em></span> <span class='ocrx_word' id='word_1_87' title='bbox 249 987 407 1062; x_wconf 76' lang='lat' dir='ltr'><em>prius</em></span> <span class='ocrx_word' id='word_1_88' title='bbox 447 983 726 1044; x_wconf 84' lang='lat' dir='ltr'><em>meditatus</em></span> <span class='ocrx_word' id='word_1_89' title='bbox 755 982 854 1059; x_wconf 85' lang='lat' dir='ltr'><em>fis,</em></span> <span class='ocrx_word' id='word_1_90' title='bbox 901 979 1234 1062; x_wconf 86' lang='lat' dir='ltr'><em>quodcunque</em></span> <span class='ocrx_word' id='word_1_91' title='bbox 1276 978 1417 1038; x_wconf 88' lang='lat' dir='ltr'><em>illud</em></span> <span class='ocrx_word' id='word_1_92' title='bbox 1451 982 1551 1056; x_wconf 84' lang='lat' dir='ltr'><em>stt,</em></span> <span class='ocrx_word' id='word_1_93' title='bbox 1615 982 1822 1055; x_wconf 68' lang='lat' dir='ltr'><em>tamezss</em></span> 
     </span>
     <span class='ocr_line' id='line_1_13' title="bbox 94 1059 1818 1145; baseline -0.003 -21"><span class='ocrx_word' id='word_1_94' title='bbox 94 1067 159 1124; x_wconf 89' lang='lat' dir='ltr'><em>de</em></span> <span class='ocrx_word' id='word_1_95' title='bbox 204 1079 372 1136; x_wconf 88' lang='lat' dir='ltr'><em>textu,</em></span> <span class='ocrx_word' id='word_1_96' title='bbox 417 1086 565 1145; x_wconf 85' lang='lat' dir='ltr'><em>quem</em></span> <span class='ocrx_word' id='word_1_97' title='bbox 603 1063 924 1143; x_wconf 73' lang='lat' dir='ltr'><em>expositurus</em></span> <span class='ocrx_word' id='word_1_98' title='bbox 963 1082 1034 1132; x_wconf 91' lang='lat' dir='ltr'><em>es,</em></span> <span class='ocrx_word' id='word_1_99' title='bbox 1080 1060 1297 1134; x_wconf 87' lang='lat' dir='ltr'><em>definire</em></span> <span class='ocrx_word' id='word_1_100' title='bbox 1336 1059 1475 1128; x_wconf 89' lang='lat' dir='ltr'><em>licet,</em></span> <span class='ocrx_word' id='word_1_101' title='bbox 1542 1060 1606 1118; x_wconf 89' lang='lat' dir='ltr'><em>de</em></span> <span class='ocrx_word' id='word_1_102' title='bbox 1654 1062 1818 1119; x_wconf 85' lang='lat' dir='ltr'><em>inter-</em></span> 
     </span>
     <span class='ocr_line' id='line_1_14' title="bbox 83 1141 1820 1227; baseline -0.002 -23"><span class='ocrx_word' id='word_1_103' title='bbox 83 1142 384 1224; x_wconf 75' lang='lat' dir='ltr'><em>pretatione</em></span> <span class='ocrx_word' id='word_1_104' title='bbox 416 1148 546 1206; x_wconf 73' lang='lat' dir='ltr'><em>vero</em></span> <span class='ocrx_word' id='word_1_105' title='bbox 583 1148 688 1227; x_wconf 77' lang='lat' dir='ltr'><em>ejus</em></span> <span class='ocrx_word' id='word_1_106' title='bbox 737 1143 991 1210; x_wconf 74' lang='lat' dir='ltr'><em>minime;</em></span> <span class='ocrx_word' id='word_1_107' title='bbox 1063 1163 1148 1211; x_wconf 87' lang='lat' dir='ltr'><em>ne,</em></span> <span class='ocrx_word' id='word_1_108' title='bbox 1199 1142 1256 1217; x_wconf 89' lang='lat' dir='ltr'><em>st</em></span> <span class='ocrx_word' id='word_1_109' title='bbox 1311 1141 1371 1198; x_wconf 89' lang='lat' dir='ltr'><em>id</em></span> <span class='ocrx_word' id='word_1_110' title='bbox 1390 1142 1555 1218; x_wconf 88' lang='lat' dir='ltr'><em>facis,</em></span> <span class='ocrx_word' id='word_1_111' title='bbox 1604 1143 1820 1219; x_wconf 80' lang='lat' dir='ltr'><em>auferas</em></span> 
     </span>
     <span class='ocr_line' id='line_1_15' title="bbox 94 1221 1820 1306; baseline -0.003 -21"><span class='ocrx_word' id='word_1_112' title='bbox 94 1229 320 1304; x_wconf 89' lang='lat' dir='ltr'><em>Spiritui</em></span> <span class='ocrx_word' id='word_1_113' title='bbox 352 1229 557 1305; x_wconf 63' lang='lat' dir='ltr'><em>sancio,</em></span> <span class='ocrx_word' id='word_1_114' title='bbox 602 1224 740 1306; x_wconf 84' lang='lat' dir='ltr'><em>quod</em></span> <span class='ocrx_word' id='word_1_115' title='bbox 756 1227 913 1304; x_wconf 68' lang='lat' dir='ltr'><em>ficum</em></span> <span class='ocrx_word' id='word_1_116' title='bbox 936 1225 1026 1300; x_wconf 89' lang='lat' dir='ltr'><em>est,</em></span> <span class='ocrx_word' id='word_1_117' title='bbox 1073 1223 1254 1299; x_wconf 69' lang='lat' dir='ltr'><em>nempe</em></span> <span class='ocrx_word' id='word_1_118' title='bbox 1276 1221 1516 1302; x_wconf 75' lang='lat' dir='ltr'><em>vdirigere</em></span> <span class='ocrx_word' id='word_1_119' title='bbox 1528 1221 1820 1298; x_wconf 89' lang='lat' dir='ltr'><em>sermonem</em></span> 
     </span>
     <span class='ocr_line' id='line_1_16' title="bbox 90 1302 1817 1381; baseline -0.003 -14"><span class='ocrx_word' id='word_1_120' title='bbox 90 1320 260 1378; x_wconf 89' lang='lat' dir='ltr'><em>tuum,</em></span> <span class='ocrx_word' id='word_1_121' title='bbox 303 1322 366 1369; x_wconf 87' lang='lat' dir='ltr'><em>ut</em></span> <span class='ocrx_word' id='word_1_122' title='bbox 405 1308 576 1368; x_wconf 90' lang='lat' dir='ltr'><em>nudus</em></span> <span class='ocrx_word' id='word_1_123' title='bbox 621 1309 762 1368; x_wconf 92' lang='lat' dir='ltr'><em>omni</em></span> <span class='ocrx_word' id='word_1_124' title='bbox 801 1304 1104 1375; x_wconf 84' lang='lat' dir='ltr'><em>eruditione,</em></span> <span class='ocrx_word' id='word_1_125' title='bbox 1150 1302 1499 1373; x_wconf 86' lang='lat' dir='ltr'><em>meditatione,</em></span> <span class='ocrx_word' id='word_1_126' title='bbox 1546 1303 1616 1363; x_wconf 56' lang='grc' dir='ltr'><em>δ’</em></span> <span class='ocrx_word' id='word_1_127' title='bbox 1665 1320 1817 1381; x_wconf 43' lang='grc' dir='ltr'><em>ιυφιενκ</em></span> 
     </span>
     <span class='ocr_line' id='line_1_17' title="bbox 89 1381 1826 1469; baseline -0.002 -22"><span class='ocrx_word' id='word_1_128' title='bbox 89 1390 312 1461; x_wconf 79' lang='lat' dir='ltr'><em>rientici,</em></span> <span class='ocrx_word' id='word_1_129' title='bbox 385 1389 454 1451; x_wconf 53' lang='grc' dir='ltr'>ὅ</span> <span class='ocrx_word' id='word_1_130' title='bbox 515 1390 660 1469; x_wconf 82' lang='lat' dir='ltr'><em>quast</em></span> <span class='ocrx_word' id='word_1_131' title='bbox 701 1387 842 1448; x_wconf 86' lang='lat' dir='ltr'><em>nihil</em></span> <span class='ocrx_word' id='word_1_132' title='bbox 864 1391 1082 1466; x_wconf 79' lang='lat' dir='ltr'><em>prorsus</em></span> <span class='ocrx_word' id='word_1_133' title='bbox 1111 1387 1202 1461; x_wconf 87' lang='lat' dir='ltr'><em>stu</em></span> <span class='ocrx_word' id='word_1_134' title='bbox 1213 1383 1410 1462; x_wconf 57' lang='lat' dir='ltr'><em>duiffiw,</em></span> <span class='ocrx_word' id='word_1_135' title='bbox 1484 1383 1696 1444; x_wconf 88' lang='lat' dir='ltr'><em>accedas</em></span> <span class='ocrx_word' id='word_1_136' title='bbox 1746 1381 1826 1443; x_wconf 86' lang='lat' dir='ltr'><em>ad</em></span> 
     </span>
     <span class='ocr_line' id='line_1_18' title="bbox 81 1467 1820 1549; baseline -0.003 -19"><span class='ocrx_word' id='word_1_137' title='bbox 81 1470 505 1549; x_wconf 89' lang='lat' dir='ltr'><em>prophetandum</em></span> <span class='ocrx_word' id='word_1_138' title='bbox 547 1475 606 1534; x_wconf 87' lang='lat' dir='ltr'><em>in</em></span> <span class='ocrx_word' id='word_1_139' title='bbox 660 1471 862 1529; x_wconf 89' lang='lat' dir='ltr'><em>nomine</em></span> <span class='ocrx_word' id='word_1_140' title='bbox 905 1470 1052 1534; x_wconf 80' lang='lat' dir='ltr'><em>Dei3</em></span> <span class='ocrx_word' id='word_1_141' title='bbox 1098 1467 1243 1526; x_wconf 86' lang='lat' dir='ltr'><em>illius</em></span> <span class='ocrx_word' id='word_1_142' title='bbox 1279 1468 1505 1542; x_wconf 86' lang='lat' dir='ltr'><em>Spiritui</em></span> <span class='ocrx_word' id='word_1_143' title='bbox 1540 1468 1820 1526; x_wconf 87' lang='lat' dir='ltr'><em>committes</em></span> 
     </span>
     <span class='ocr_line' id='line_1_19' title="bbox 86 1546 1864 1631; baseline -0.002 -22"><span class='ocrx_word' id='word_1_144' title='bbox 86 1573 197 1622; x_wconf 88' lang='lat' dir='ltr'><em>cor,</em></span> <span class='ocrx_word' id='word_1_145' title='bbox 245 1551 480 1631; x_wconf 86' lang='lat' dir='ltr'><em>linguam</em></span> <span class='ocrx_word' id='word_1_146' title='bbox 531 1551 599 1611; x_wconf 56' lang='grc' dir='ltr'><em>δέ</em></span> <span class='ocrx_word' id='word_1_147' title='bbox 641 1551 855 1628; x_wconf 86' lang='lat' dir='ltr'><em>teipsum</em></span> <span class='ocrx_word' id='word_1_148' title='bbox 895 1563 1079 1619; x_wconf 87' lang='lat' dir='ltr'><em>totum,</em></span> <span class='ocrx_word' id='word_1_149' title='bbox 1137 1549 1316 1624; x_wconf 83' lang='lat' dir='ltr'><em>priori</em></span> <span class='ocrx_word' id='word_1_150' title='bbox 1347 1546 1527 1623; x_wconf 85' lang='lat' dir='ltr'><em>studio</em></span> <span class='ocrx_word' id='word_1_151' title='bbox 1576 1560 1670 1605; x_wconf 89' lang='lat' dir='ltr'><em>aut</em></span> <span class='ocrx_word' id='word_1_152' title='bbox 1710 1568 1815 1606; x_wconf 87' lang='lat' dir='ltr'><em>me-</em></span> <span class='ocrx_word' id='word_1_153' title='bbox 1861 1573 1864 1576; x_wconf 92' lang='lat'>·</span> 
     </span>
     <span class='ocr_line' id='line_1_20' title="bbox 88 1627 1814 1710; baseline -0.002 -20"><span class='ocrx_word' id='word_1_154' title='bbox 88 1632 335 1692; x_wconf 90' lang='lat' dir='ltr'><em>ditationi</em></span> <span class='ocrx_word' id='word_1_155' title='bbox 396 1630 534 1691; x_wconf 87' lang='lat' dir='ltr'><em>nihil</em></span> <span class='ocrx_word' id='word_1_156' title='bbox 573 1633 786 1710; x_wconf 78' lang='lat' dir='ltr'><em>penitus</em></span> <span class='ocrx_word' id='word_1_157' title='bbox 816 1629 1012 1705; x_wconf 88' lang='lat' dir='ltr'><em>fidens,</em></span> <span class='ocrx_word' id='word_1_158' title='bbox 1071 1630 1170 1706; x_wconf 76' lang='lat' dir='ltr'><em>sed</em></span> <span class='ocrx_word' id='word_1_159' title='bbox 1214 1628 1382 1686; x_wconf 85' lang='lat' dir='ltr'><em>dicens</em></span> <span class='ocrx_word' id='word_1_160' title='bbox 1437 1627 1585 1704; x_wconf 86' lang='lat' dir='ltr'><em>apud</em></span> <span class='ocrx_word' id='word_1_161' title='bbox 1621 1640 1690 1697; x_wconf 88' lang='lat' dir='ltr'><em>te,</em></span> <span class='ocrx_word' id='word_1_162' title='bbox 1759 1632 1814 1687; x_wconf 89' lang='lat' dir='ltr'><em>in</em></span> 
     </span>
     <span class='ocr_line' id='line_1_21' title="bbox 86 1707 1814 1794; baseline -0.003 -22"><span class='ocrx_word' id='word_1_163' title='bbox 86 1715 285 1794; x_wconf 70' lang='lat' dir='ltr'><em>magnei</em></span> <span class='ocrx_word' id='word_1_164' title='bbox 328 1713 527 1772; x_wconf 63' lang='lat' dir='ltr'><em>divinae</em></span> <span class='ocrx_word' id='word_1_165' title='bbox 566 1711 888 1791; x_wconf 74' lang='lat' dir='ltr'><em>profcffionis</em></span> <span class='ocrx_word' id='word_1_166' title='bbox 912 1710 1142 1785; x_wconf 77' lang='lat' dir='ltr'><em>fiducid,</em></span> <span class='ocrx_word' id='word_1_167' title='bbox 1216 1707 1475 1769; x_wconf 85' lang='lat' dir='ltr'><em>Dominus</em></span> <span class='ocrx_word' id='word_1_168' title='bbox 1522 1708 1669 1767; x_wconf 90' lang='lat' dir='ltr'><em>dabit</em></span> <span class='ocrx_word' id='word_1_169' title='bbox 1687 1729 1814 1768; x_wconf 80' lang='lat' dir='ltr'><em>ver-</em></span> 
     </span>
     <span class='ocr_line' id='line_1_22' title="bbox 86 1789 1814 1875; baseline -0.002 -22"><span class='ocrx_word' id='word_1_170' title='bbox 86 1795 209 1854; x_wconf 90' lang='lat' dir='ltr'><em>bum</em></span> <span class='ocrx_word' id='word_1_171' title='bbox 248 1793 737 1875; x_wconf 86' lang='lat' dir='ltr'><em>evangelizantibus</em></span> <span class='ocrx_word' id='word_1_172' title='bbox 772 1795 974 1852; x_wconf 83' lang='lat' dir='ltr'><em>virtute</em></span> <span class='ocrx_word' id='word_1_173' title='bbox 1013 1791 1203 1850; x_wconf 79' lang='lat' dir='ltr'><em>multd.</em></span> <span class='ocrx_word' id='word_1_174' title='bbox 1288 1790 1497 1848; x_wconf 77' lang='lat' dir='ltr'><em>Summe</em></span> <span class='ocrx_word' id='word_1_175' title='bbox 1524 1802 1696 1847; x_wconf 86' lang='lat' dir='ltr'><em>autem</em></span> <span class='ocrx_word' id='word_1_176' title='bbox 1725 1789 1814 1849; x_wconf 88' lang='lat' dir='ltr'><em>de·</em></span> 
     </span>
     <span class='ocr_line' id='line_1_23' title="bbox 85 1872 1813 1957; baseline -0.002 -24"><span class='ocrx_word' id='word_1_177' title='bbox 85 1879 230 1945; x_wconf 86' lang='lat' dir='ltr'><em>vita,</em></span> <span class='ocrx_word' id='word_1_178' title='bbox 296 1898 362 1936; x_wconf 89' lang='lat' dir='ltr'><em>ne</em></span> <span class='ocrx_word' id='word_1_179' title='bbox 400 1876 644 1957; x_wconf 85' lang='lat' dir='ltr'><em>sequaris</em></span> <span class='ocrx_word' id='word_1_180' title='bbox 680 1895 873 1934; x_wconf 90' lang='lat' dir='ltr'><em>morem</em></span> <span class='ocrx_word' id='word_1_181' title='bbox 910 1875 1325 1954; x_wconf 85' lang='lat' dir='ltr'><em>hypocritarum,</em></span> <span class='ocrx_word' id='word_1_182' title='bbox 1402 1873 1493 1949; x_wconf 80' lang='lat' dir='ltr'><em>qui</em></span> <span class='ocrx_word' id='word_1_183' title='bbox 1529 1873 1708 1948; x_wconf 88' lang='lat' dir='ltr'><em>ferme</em></span> <span class='ocrx_word' id='word_1_184' title='bbox 1750 1872 1813 1930; x_wconf 91' lang='lat' dir='ltr'><em>de</em></span> 
     </span>
     <span class='ocr_line' id='line_1_24' title="bbox 84 1952 1812 2035; baseline -0.001 -20"><span class='ocrx_word' id='word_1_185' title='bbox 84 1958 247 2015; x_wconf 86' lang='lat' dir='ltr'><em>verbo</em></span> <span class='ocrx_word' id='word_1_186' title='bbox 291 1958 365 2016; x_wconf 91' lang='lat' dir='ltr'><em>ad</em></span> <span class='ocrx_word' id='word_1_187' title='bbox 400 1957 643 2026; x_wconf 86' lang='lat' dir='ltr'><em>verbum,</em></span> <span class='ocrx_word' id='word_1_188' title='bbox 692 1955 933 2035; x_wconf 86' lang='lat' dir='ltr'><em>quicquid</em></span> <span class='ocrx_word' id='word_1_189' title='bbox 971 1954 1164 2013; x_wconf 73' lang='lat' dir='ltr'><em>dicturi</em></span> <span class='ocrx_word' id='word_1_190' title='bbox 1189 1953 1336 2031; x_wconf 87' lang='lat' dir='ltr'><em>sunt,</em></span> <span class='ocrx_word' id='word_1_191' title='bbox 1371 1952 1713 2029; x_wconf 76' lang='lat' dir='ltr'><em>scripst’runt,</em></span> <span class='ocrx_word' id='word_1_192' title='bbox 1740 1953 1812 2013; x_wconf 69' lang='lat'><em>{9⁹</em></span> 
     </span>
     <span class='ocr_line' id='line_1_25' title="bbox 84 2033 1814 2116; baseline -0.002 -21"><span class='ocrx_word' id='word_1_193' title='bbox 84 2040 232 2116; x_wconf 86' lang='lat' dir='ltr'><em>quast</em></span> <span class='ocrx_word' id='word_1_194' title='bbox 268 2041 547 2097; x_wconf 86' lang='lat' dir='ltr'><em>recitaturi</em></span> <span class='ocrx_word' id='word_1_195' title='bbox 588 2037 790 2116; x_wconf 87' lang='lat' dir='ltr'><em>aliquot</em></span> <span class='ocrx_word' id='word_1_196' title='bbox 826 2036 1005 2114; x_wconf 79' lang='lat' dir='ltr'><em>versus</em></span> <span class='ocrx_word' id='word_1_197' title='bbox 1046 2038 1100 2094; x_wconf 89' lang='lat' dir='ltr'><em>in</em></span> <span class='ocrx_word' id='word_1_198' title='bbox 1141 2036 1347 2093; x_wconf 86' lang='lat' dir='ltr'><em>theatro</em></span> <span class='ocrx_word' id='word_1_199' title='bbox 1394 2053 1509 2092; x_wconf 90' lang='lat' dir='ltr'><em>cum</em></span> <span class='ocrx_word' id='word_1_200' title='bbox 1564 2033 1814 2112; x_wconf 76' lang='lat' dir='ltr'><em>tragaedis</em></span> 
     </span>
     <span class='ocr_line' id='line_1_26' title="bbox 80 2113 1813 2193; baseline -0.002 -16"><span class='ocrx_word' id='word_1_201' title='bbox 80 2131 246 2178; x_wconf 90' lang='lat' dir='ltr'><em>totam</em></span> <span class='ocrx_word' id='word_1_202' title='bbox 294 2122 579 2178; x_wconf 86' lang='lat' dir='ltr'><em>concionem</em></span> <span class='ocrx_word' id='word_1_203' title='bbox 625 2116 939 2186; x_wconf 87' lang='lat' dir='ltr'><em>didicerunt,</em></span> <span class='ocrx_word' id='word_1_204' title='bbox 1016 2115 1084 2176; x_wconf 81' lang='lat'><em>&amp;</em></span> <span class='ocrx_word' id='word_1_205' title='bbox 1118 2115 1321 2193; x_wconf 74' lang='lat' dir='ltr'><em>posted,</em></span> <span class='ocrx_word' id='word_1_206' title='bbox 1393 2115 1509 2172; x_wconf 76' lang='lat' dir='ltr'><em>cum</em></span> <span class='ocrx_word' id='word_1_207' title='bbox 1563 2113 1692 2192; x_wconf 78' lang='lat' dir='ltr'><em>sunt</em></span> <span class='ocrx_word' id='word_1_208' title='bbox 1755 2117 1813 2174; x_wconf 85' lang='lat' dir='ltr'><em>in</em></span> 
     </span>
     <span class='ocr_line' id='line_1_27' title="bbox 73 2194 1811 2277; baseline -0.003 -19"><span class='ocrx_word' id='word_1_209' title='bbox 73 2199 429 2277; x_wconf 88' lang='lat' dir='ltr'><em>prophetandi</em></span> <span class='ocrx_word' id='word_1_210' title='bbox 474 2199 598 2268; x_wconf 91' lang='lat' dir='ltr'><em>loco,</em></span> <span class='ocrx_word' id='word_1_211' title='bbox 671 2211 830 2258; x_wconf 89' lang='lat' dir='ltr'><em>orant</em></span> <span class='ocrx_word' id='word_1_212' title='bbox 877 2199 1182 2267; x_wconf 89' lang='lat' dir='ltr'><em>Dominum,</em></span> <span class='ocrx_word' id='word_1_213' title='bbox 1246 2209 1307 2255; x_wconf 89' lang='lat' dir='ltr'><em>ut</em></span> <span class='ocrx_word' id='word_1_214' title='bbox 1354 2194 1586 2274; x_wconf 85' lang='lat' dir='ltr'><em>linguam</em></span> <span class='ocrx_word' id='word_1_215' title='bbox 1634 2216 1811 2253; x_wconf 88' lang='lat' dir='ltr'><em>eorum</em></span> 
     </span>
     <span class='ocr_line' id='line_1_28' title="bbox 81 2278 1803 2360; baseline -0.003 -21"><span class='ocrx_word' id='word_1_216' title='bbox 81 2280 282 2360; x_wconf 84' lang='lat' dir='ltr'><em>dirigat</em></span> <span class='ocrx_word' id='word_1_217' title='bbox 309 2304 327 2339; x_wconf 90' lang='lat'><em>.·</em></span> <span class='ocrx_word' id='word_1_218' title='bbox 356 2280 454 2358; x_wconf 87' lang='lat' dir='ltr'><em>sed</em></span> <span class='ocrx_word' id='word_1_219' title='bbox 498 2283 727 2348; x_wconf 87' lang='lat' dir='ltr'><em>interim,</em></span> <span class='ocrx_word' id='word_1_220' title='bbox 793 2278 1087 2339; x_wconf 88' lang='lat' dir='ltr'><em>claudentes</em></span> <span class='ocrx_word' id='word_1_221' title='bbox 1143 2281 1298 2338; x_wconf 89' lang='lat' dir='ltr'><em>viam</em></span> <span class='ocrx_word' id='word_1_222' title='bbox 1340 2278 1567 2354; x_wconf 85' lang='lat' dir='ltr'><em>Spiritui</em></span> <span class='ocrx_word' id='word_1_223' title='bbox 1598 2278 1803 2354; x_wconf 74' lang='lat' dir='ltr'><em>sancte,</em></span> 
     </span>
     <span class='ocr_line' id='line_1_29' title="bbox 78 2357 1805 2440; baseline -0.003 -19"><span class='ocrx_word' id='word_1_224' title='bbox 78 2361 335 2436; x_wconf 78' lang='lat' dir='ltr'><em>definiunt</em></span> <span class='ocrx_word' id='word_1_225' title='bbox 356 2364 416 2440; x_wconf 79' lang='lat' dir='ltr'><em>se</em></span> <span class='ocrx_word' id='word_1_226' title='bbox 472 2360 610 2420; x_wconf 87' lang='lat' dir='ltr'><em>nihil</em></span> <span class='ocrx_word' id='word_1_227' title='bbox 643 2362 872 2421; x_wconf 70' lang='lat' dir='ltr'><em>dic‘turos</em></span> <span class='ocrx_word' id='word_1_228' title='bbox 911 2374 1118 2438; x_wconf 79' lang='lat' dir='ltr'><em>praeter</em></span> <span class='ocrx_word' id='word_1_229' title='bbox 1163 2358 1236 2428; x_wconf 73' lang='lat' dir='ltr'><em>id&#39;,</em></span> <span class='ocrx_word' id='word_1_230' title='bbox 1303 2357 1438 2437; x_wconf 82' lang='lat' dir='ltr'><em>quod</em></span> <span class='ocrx_word' id='word_1_231' title='bbox 1465 2359 1805 2434; x_wconf 87' lang='lat' dir='ltr'><em>scripserunt.</em></span> 
     </span>
     <span class='ocr_line' id='line_1_30' title="bbox 85 2437 1803 2523; baseline -0.002 -22"><span class='ocrx_word' id='word_1_232' title='bbox 85 2444 136 2501; x_wconf 92' lang='lat' dir='ltr'>O</span> <span class='ocrx_word' id='word_1_233' title='bbox 180 2443 392 2522; x_wconf 78' lang='lat' dir='ltr'><em>infaelix</em></span> <span class='ocrx_word' id='word_1_234' title='bbox 433 2443 827 2520; x_wconf 89' lang='lat' dir='ltr'><em>Prophetarum</em></span> <span class='ocrx_word' id='word_1_235' title='bbox 865 2463 1047 2523; x_wconf 83' lang='lat' dir='ltr'><em>genus,</em></span> <span class='ocrx_word' id='word_1_236' title='bbox 1130 2444 1229 2499; x_wconf 90' lang='lat' dir='ltr'><em>imo</em></span> <span class='ocrx_word' id='word_1_237' title='bbox 1270 2440 1398 2498; x_wconf 71' lang='lat' dir='ltr'><em>vere</em></span> <span class='ocrx_word' id='word_1_238' title='bbox 1447 2437 1803 2508; x_wconf 62' lang='lat' dir='ltr'><em>maledictum,</em></span> 
     </span>
     <span class='ocr_line' id='line_1_31' title="bbox 78 2519 1809 2604; baseline -0.004 -20"><span class='ocrx_word' id='word_1_239' title='bbox 78 2525 217 2603; x_wconf 84' lang='lat' dir='ltr'><em>quod</em></span> <span class='ocrx_word' id='word_1_240' title='bbox 261 2527 296 2583; x_wconf 69' lang='lat' dir='ltr'><em>ci</em></span> <span class='ocrx_word' id='word_1_241' title='bbox 325 2525 438 2604; x_wconf 88' lang='lat' dir='ltr'><em>suis</em></span> <span class='ocrx_word' id='word_1_242' title='bbox 461 2524 671 2603; x_wconf 83' lang='lat' dir='ltr'><em>scriptis</em></span> <span class='ocrx_word' id='word_1_243' title='bbox 717 2537 812 2582; x_wconf 90' lang='lat' dir='ltr'><em>aut</em></span> <span class='ocrx_word' id='word_1_244' title='bbox 860 2523 1208 2593; x_wconf 88' lang='lat' dir='ltr'><em>meditatione,</em></span> <span class='ocrx_word' id='word_1_245' title='bbox 1256 2542 1356 2579; x_wconf 88' lang='lat' dir='ltr'><em>non</em></span> <span class='ocrx_word' id='word_1_246' title='bbox 1392 2521 1425 2578; x_wconf 71' lang='lat' dir='ltr'><em>ci</em></span> <span class='ocrx_word' id='word_1_247' title='bbox 1465 2519 1573 2577; x_wconf 89' lang='lat' dir='ltr'><em>Dei</em></span> <span class='ocrx_word' id='word_1_248' title='bbox 1601 2520 1809 2595; x_wconf 81' lang='lat' dir='ltr'><em>Spiritu</em></span> 
     </span>
     <span class='ocr_line' id='line_1_32' title="bbox 69 2601 1806 2686; baseline -0.004 -21"><span class='ocrx_word' id='word_1_249' title='bbox 69 2606 311 2683; x_wconf 80' lang='lat' dir='ltr'><em>pendet!</em></span> <span class='ocrx_word' id='word_1_250' title='bbox 375 2605 531 2686; x_wconf 76' lang='lat' dir='ltr'><em>Qid</em></span> <span class='ocrx_word' id='word_1_251' title='bbox 555 2604 1000 2684; x_wconf 89' lang='lat' dir='ltr'><em>pseudopropheta</em></span> <span class='ocrx_word' id='word_1_252' title='bbox 1035 2625 1155 2663; x_wconf 86' lang='lat' dir='ltr'><em>oras</em></span> <span class='ocrx_word' id='word_1_253' title='bbox 1201 2603 1505 2669; x_wconf 87' lang='lat' dir='ltr'><em>Dominum,</em></span> <span class='ocrx_word' id='word_1_254' title='bbox 1580 2613 1638 2657; x_wconf 91' lang='lat' dir='ltr'><em>ut</em></span> <span class='ocrx_word' id='word_1_255' title='bbox 1686 2601 1806 2677; x_wconf 86' lang='lat' dir='ltr'><em>Spi-</em></span> 
     </span>
     <span class='ocr_line' id='line_1_33' title="bbox 79 2683 1805 2766; baseline -0.003 -23"><span class='ocrx_word' id='word_1_256' title='bbox 79 2689 247 2745; x_wconf 86' lang='lat' dir='ltr'><em>ritum</em></span> <span class='ocrx_word' id='word_1_257' title='bbox 283 2689 387 2757; x_wconf 89' lang='lat' dir='ltr'><em>det,</em></span> <span class='ocrx_word' id='word_1_258' title='bbox 435 2707 530 2766; x_wconf 86' lang='lat' dir='ltr'><em>quo</em></span> <span class='ocrx_word' id='word_1_259' title='bbox 579 2687 810 2766; x_wconf 87' lang='lat' dir='ltr'><em>loquaris</em></span> <span class='ocrx_word' id='word_1_260' title='bbox 858 2687 1035 2755; x_wconf 88' lang='lat' dir='ltr'><em>utilia,</em></span> <span class='ocrx_word' id='word_1_261' title='bbox 1084 2685 1152 2744; x_wconf 70' lang='lat'><em>69⁹</em></span> <span class='ocrx_word' id='word_1_262' title='bbox 1203 2684 1414 2741; x_wconf 79' lang='lat' dir='ltr'><em>interim</em></span> <span class='ocrx_word' id='word_1_263' title='bbox 1443 2683 1698 2757; x_wconf 79' lang='lat' dir='ltr'><em>Spiritum</em></span> <span class='ocrx_word' id='word_1_264' title='bbox 1720 2702 1805 2739; x_wconf 90' lang='lat' dir='ltr'><em>re-</em></span> 
     </span>
     <span class='ocr_line' id='line_1_34' title="bbox 71 2761 1807 2845; baseline -0.002 -22"><span class='ocrx_word' id='word_1_265' title='bbox 71 2766 261 2842; x_wconf 83' lang='lat' dir='ltr'><em>pellis,</em></span> <span class='ocrx_word' id='word_1_266' title='bbox 329 2788 426 2826; x_wconf 90' lang='lat' dir='ltr'><em>cur</em></span> <span class='ocrx_word' id='word_1_267' title='bbox 489 2768 720 2845; x_wconf 78' lang='lat' dir='ltr'><em>praefers</em></span> <span class='ocrx_word' id='word_1_268' title='bbox 793 2780 941 2826; x_wconf 87' lang='lat' dir='ltr'><em>tuam</em></span> <span class='ocrx_word' id='word_1_269' title='bbox 998 2766 1378 2824; x_wconf 88' lang='lat' dir='ltr'><em>meditationem</em></span> <span class='ocrx_word' id='word_1_270' title='bbox 1427 2775 1522 2820; x_wconf 85' lang='lat' dir='ltr'><em>aut</em></span> <span class='ocrx_word' id='word_1_271' title='bbox 1570 2761 1807 2838; x_wconf 81' lang='lat' dir='ltr'><em>studium</em></span> 
     </span>
     <span class='ocr_line' id='line_1_35' title="bbox 80 2844 1881 2928; baseline 0 -24"><span class='ocrx_word' id='word_1_272' title='bbox 80 2849 311 2925; x_wconf 85' lang='lat' dir='ltr'><em>Spiritui</em></span> <span class='ocrx_word' id='word_1_273' title='bbox 357 2849 487 2917; x_wconf 89' lang='lat' dir='ltr'><em>Dei,</em></span> <span class='ocrx_word' id='word_1_274' title='bbox 532 2847 730 2928; x_wconf 85' lang='lat' dir='ltr'><em>alioqui</em></span> <span class='ocrx_word' id='word_1_275' title='bbox 757 2869 854 2907; x_wconf 91' lang='lat' dir='ltr'><em>cur</em></span> <span class='ocrx_word' id='word_1_276' title='bbox 895 2849 987 2924; x_wconf 82' lang='lat' dir='ltr'><em>ipſs</em></span> <span class='ocrx_word' id='word_1_277' title='bbox 1016 2847 1240 2923; x_wconf 86' lang='lat' dir='ltr'><em>Spiritui</em></span> <span class='ocrx_word' id='word_1_278' title='bbox 1270 2866 1368 2903; x_wconf 85' lang='lat' dir='ltr'><em>non</em></span> <span class='ocrx_word' id='word_1_279' title='bbox 1391 2858 1441 2903; x_wconf 89' lang='lat' dir='ltr'><em>te</em></span> <span class='ocrx_word' id='word_1_280' title='bbox 1480 2844 1803 2902; x_wconf 80' lang='lat' dir='ltr'><em>committis?</em></span> <span class='ocrx_word' id='word_1_281' title='bbox 1872 2896 1881 2903; x_wconf 19' lang='grc' dir='ltr'><em>,Α</em></span> 
     </span>
    </p>

    <p class='ocr_par' dir='ltr' id='par_1_3' title="bbox 77 2921 1872 3252">
     <span class='ocr_line' id='line_1_36' title="bbox 161 2921 1803 3005; baseline -0.004 -18"><span class='ocrx_word' id='word_1_282' title='bbox 161 2929 335 2988; x_wconf 89' lang='grc' dir='ltr'><strong>ΧΙΧ.</strong></span> <span class='ocrx_word' id='word_1_283' title='bbox 380 2928 702 2997; x_wconf 73' lang='grc' dir='ltr'><strong>δεουΝυο,</strong></span> <span class='ocrx_word' id='word_1_284' title='bbox 748 2928 840 2986; x_wconf 89' lang='lat' dir='ltr'><em>hic</em></span> <span class='ocrx_word' id='word_1_285' title='bbox 886 2927 1092 2987; x_wconf 85' lang='lat' dir='ltr'><em>modus</em></span> <span class='ocrx_word' id='word_1_286' title='bbox 1121 2921 1490 3005; x_wconf 58' lang='lat' dir='ltr'><em>praedicandi,</em></span> <span class='ocrx_word' id='word_1_287' title='bbox 1565 2923 1706 2982; x_wconf 82' lang='lat' dir='ltr'><em>ficut</em></span> <span class='ocrx_word' id='word_1_288' title='bbox 1733 2944 1803 2983; x_wconf 89' lang='lat' dir='ltr'><em>eo</em></span> 
     </span>
     <span class='ocr_line' id='line_1_37' title="bbox 80 3005 1872 3087; baseline -0.002 -19"><span class='ocrx_word' id='word_1_289' title='bbox 80 3022 322 3069; x_wconf 88' lang='lat' dir='ltr'><em>utuntur</em></span> <span class='ocrx_word' id='word_1_290' title='bbox 363 3008 619 3067; x_wconf 83' lang='lat' dir='ltr'><em>hodierni</em></span> <span class='ocrx_word' id='word_1_291' title='bbox 661 3008 1084 3087; x_wconf 65' lang='lat' dir='ltr'><em>praedicatores,</em></span> <span class='ocrx_word' id='word_1_292' title='bbox 1129 3008 1265 3064; x_wconf 67' lang='lat' dir='ltr'><em>etim</em></span> <span class='ocrx_word' id='word_1_293' title='bbox 1287 3006 1461 3065; x_wconf 77' lang='lat' dir='ltr'><em>etiam</em></span> <span class='ocrx_word' id='word_1_294' title='bbox 1491 3005 1799 3074; x_wconf 74' lang='lat' dir='ltr'><em>affirment,</em></span> <span class='ocrx_word' id='word_1_295' title='bbox 1864 3051 1872 3081; x_wconf 54' lang='lat'><em>,5</em></span> 
     </span>
     <span class='ocr_line' id='line_1_38' title="bbox 77 3085 1806 3169; baseline -0.003 -20"><span class='ocrx_word' id='word_1_296' title='bbox 77 3090 241 3169; x_wconf 72' lang='lat' dir='ltr'><em>qubd</em></span> <span class='ocrx_word' id='word_1_297' title='bbox 279 3090 341 3149; x_wconf 85' lang='lat'>&amp;</span> <span class='ocrx_word' id='word_1_298' title='bbox 406 3092 580 3169; x_wconf 86' lang='lat' dir='ltr'><em>poffit</em></span> <span class='ocrx_word' id='word_1_299' title='bbox 619 3089 898 3168; x_wconf 83' lang='lat' dir='ltr'><em>praestari‚</em></span> <span class='ocrx_word' id='word_1_300' title='bbox 964 3091 1021 3148; x_wconf 73' lang='grc' dir='ltr'><em>δι</em></span> <span class='ocrx_word' id='word_1_301' title='bbox 1070 3085 1221 3166; x_wconf 61' lang='lat' dir='ltr'><em>saepc}</em></span> <span class='ocrx_word' id='word_1_302' title='bbox 1263 3088 1339 3146; x_wconf 85' lang='lat' dir='ltr'><em>ab</em></span> <span class='ocrx_word' id='word_1_303' title='bbox 1381 3085 1568 3166; x_wconf 84' lang='lat' dir='ltr'><em>impiis</em></span> <span class='ocrx_word' id='word_1_304' title='bbox 1617 3085 1806 3165; x_wconf 56' lang='lat' dir='ltr'><em>grati&amp;</em></span> 
     </span>
     <span class='ocr_line' id='line_1_39' title="bbox 77 3165 1803 3252; baseline -0.003 -24"><span class='ocrx_word' id='word_1_305' title='bbox 77 3172 271 3230; x_wconf 87' lang='lat' dir='ltr'><em>vacuis</em></span> <span class='ocrx_word' id='word_1_306' title='bbox 314 3172 637 3252; x_wconf 82' lang='lat' dir='ltr'><em>praestetur,</em></span> <span class='ocrx_word' id='word_1_307' title='bbox 682 3169 978 3230; x_wconf 76' lang='lat' dir='ltr'><em>ecclesiam</em></span> <span class='ocrx_word' id='word_1_308' title='bbox 1000 3190 1116 3229; x_wconf 87' lang='lat' dir='ltr'><em>non</em></span> <span class='ocrx_word' id='word_1_309' title='bbox 1135 3165 1324 3228; x_wconf 68' lang='lat' dir='ltr'><em>soltim</em></span> <span class='ocrx_word' id='word_1_310' title='bbox 1373 3188 1490 3228; x_wconf 88' lang='lat' dir='ltr'><em>non</em></span> <span class='ocrx_word' id='word_1_311' title='bbox 1518 3167 1803 3226; x_wconf 83' lang='lat' dir='ltr'><em>aedificare</em></span> 
     </span>
    </p>
   </div>
   <div class='ocr_carea' id='block_1_3' title="bbox 79 3249 1804 3407">
    <p class='ocr_par' dir='ltr' id='par_1_4' title="bbox 79 3249 1804 3407">
     <span class='ocr_line' id='line_1_40' title="bbox 79 3249 1804 3391; baseline -0.005 -79"><span class='ocrx_word' id='word_1_312' title='bbox 79 3252 309 3340; x_wconf 78' lang='lat' dir='ltr'><em>potest,</em></span> <span class='ocrx_word' id='word_1_313' title='bbox 361 3252 455 3315; x_wconf 86' lang='lat' dir='ltr'><em>vel</em></span> <span class='ocrx_word' id='word_1_314' title='bbox 517 3271 714 3313; x_wconf 78' lang='lat' dir='ltr'><em>veram</em></span> <span class='ocrx_word' id='word_1_315' title='bbox 766 3251 939 3315; x_wconf 86' lang='lat' dir='ltr'><em>fidem</em></span> <span class='ocrx_word' id='word_1_316' title='bbox 981 3266 1266 3391; x_wconf 44' lang='lat' dir='ltr'><em>{gsenerare</em></span> <span class='ocrx_word' id='word_1_317' title='bbox 1305 3267 1401 3314; x_wconf 76' lang='lat' dir='ltr'><em>aut</em></span> <span class='ocrx_word' id='word_1_318' title='bbox 1443 3249 1712 3340; x_wconf 24' lang='lat' dir='ltr'><em>nutrire&amp;</em></span> <span class='ocrx_word' id='word_1_319' title='bbox 1743 3263 1804 3386; x_wconf 52' lang='lat' dir='ltr'><em>ag</em></span> 
     </span>
     <span class='ocr_line' id='line_1_41' title="bbox 1080 3349 1764 3407; baseline -0.006 -19"><span class='ocrx_word' id='word_1_320' title='bbox 1080 3353 1121 3406; x_wconf 69' lang='lat'>4</span> <span class='ocrx_word' id='word_1_321' title='bbox 1698 3349 1764 3407; x_wconf 78' lang='lat' dir='ltr'><em>lp·</em></span> 
     </span>
    </p>
   </div>
  </div>
 </body>
</html>
