2086 3640
276 172 396 235 294
517 145 1808 214 THESISUNDECIMA.

269 259 372 328 est,
417 257 624 315 debere
674 272 776 313 nos
814 258 871 312 in
903 250 1018 312 istis
1030 294 1037 309 2
1053 252 1344 311 erroribus
1383 251 1445 310 δε
1487 245 1738 314 tenebris
1777 273 2007 336 perma-

276 358 429 407 nere,
478 338 539 395 &
576 356 647 396 ex
667 334 972 414 Babylone
999 353 1113 392 non
1132 333 1305 401 exire,
1346 335 1483 392 curn
1512 333 1670 392 Deus
1696 335 1863 397 nobis
1878 355 2008 394 eam

277 417 628 500 patefecerit.
702 416 978 495 Papalem
999 413 1243 484 miffam,
1276 414 1638 497 &vesperas,
1699 413 1854 476 uoa'd
1878 416 2009 475 sub-

278 500 569 568 stantiam,
621 495 1068 557 abominandam
1118 494 1509 556 idololatriam
1557 495 1621 554 &
1681 496 2009 577 uperstitio-

278 602 412 642 nem
458 581 565 639 effe
605 577 795 648 credo,
864 577 926 636 ὅτ
968 577 1044 635 fic
1087 577 1261 636 etiam
1298 576 1537 636 credunt
1569 577 1954 638 protestantes
1987 600 2009 642 ὅ

276 681 415 724 num
447 661 575 719 ideo
602 660 695 719 vel
732 678 866 741 ego,
898 658 992 718 vel
1034 657 1120 717 illi
1141 658 1351 718 audent
1379 652 1702 737 affirmare,
1743 674 2012 739 tempore

275 742 585 802 tenebroso
612 742 887 824 PapatuS,
939 739 1167 799 nullum
1205 738 1426 818 justum
1456 738 1520 796 δε
1556 738 1775 800 retstum
1818 740 2009 800 homi·

278 843 434 894 nem,
497 821 630 882 licet
677 822 1172 882 abominationum
1217 840 1416 880 earum
1466 817 1740 891 zelotem,
1799 816 1829 878 a
1881 821 2013 880 Deo

282 904 642 973 exauditum,
693 902 887 983 illique
907 917 1205 985 acceptum
1248 901 1459 960 fuiffe?
1512 901 1660 982 Qis
1681 900 2008 982 denegabit,

280 984 345 1043 ,δε
374 985 737 1054 Bernardum‚
811 983 872 1041 δε
921 983 1374 1054 Bonaventuram,
1434 982 1498 1040 &
1533 982 1883 1053 Thaulerum,
1945 983 2007 1041 δι

284 1066 537 1129 Thomam
579 1068 614 1126 ἁ
659 1066 892 1144 Kempis,
941 1067 1285 1144 caeterosque
1334 1062 1665 1147 complures
1706 1064 1781 1123 de
1818 1063 2016 1124 divino

279 1164 482 1207 amore
531 1147 791 1227 gustaffe,
838 1147 899 1204 δε
937 1145 1113 1205 divini
1143 1146 1387 1225 Spiritus
1414 1146 1692 1204 virtutem
1734 1145 1791 1204 in
1827 1144 2015 1226 seipsls

279 1228 357 1287 'ad
406 1228 642 1288 salutem
691 1227 848 1286 suam
910 1244 1245 1307 operantem
1295 1225 1506 1285 senfiffe
1557 1225 1578 1285 ?
1653 1226 2015 1288 Debemufixe
2078 1236 2086 1265 ⁷

283 1309 463 1388 igitur
492 1307 619 1368 istas
661 1308 1079 1388 superstitiones
1119 1329 1239 1367 non
1263 1311 1570 1387 abnegare,
1619 1308 1918 1387 repudiare
1954 1309 2018 1367 &
2079 1312 2086 1382 ,ἶ

286 1390 700 1468 derelinquere,
747 1389 954 1468 quibus
982 1389 1020 1447 ii
1056 1391 1366 1449 utebantur
1396 1389 1416 1447 ?
1466 1387 1818 1450 Calvinistici
1855 1389 2019 1450 Pres-

284 1469 571 1550 byteriani
618 1468 872 1529 multum
926 1472 1287 1548 exprobrant
1324 1470 1410 1544 (δε
1451 1469 1686 1549 quidem
1734 1490 1850 1530 non
1900 1471 2016 1531 fine

284 1551 471 1620 causa,
516 1566 583 1610 ut
620 1550 907 1629 existimo)
947 1549 1363 1609 formalitatem
1400 1551 1461 1608 δε
1497 1550 1823 1612 ariditatem
1851 1551 2017 1631 Epis·
2076 1567 2086 1617 ,ξ

286 1631 581 1711 copalium
622 1632 682 1689 δε
726 1631 1192 1691 Lutheranarum
1240 1629 1632 1713 liturgiarum,
1678 1650 1794 1690 non
1824 1647 2017 1693 tamen

283 1715 580 1792 negabunt
609 1714 755 1773 inter
795 1732 892 1772 eos
935 1713 1190 1772 homines
1238 1713 1422 1772 bonos
1463 1710 1643 1783 fuifl'e,
1688 1733 1874 1794 neque
1917 1734 2016 1781 au·
2064 1733 2067 1737 ’

283 1794 422 1853 dent
451 1794 723 1865 recusare,
771 1797 905 1853 cum
947 1794 1042 1853 ille
1083 1814 1155 1852 ex
1176 1793 1451 1873 apostasia
1482 1793 2018 1875 progressusfaaestus

284 1874 365 1934 est
404 1875 770 1934 convertendi
804 1874 1063 1955 publicas
1106 1895 1299 1955 preces
1356 1874 1412 1933 in
1454 1874 1677 1954 linguas
1715 1875 2014 1956 vulgares,

284 1955 420 2017 licet
468 1977 570 2035 per
614 1955 911 2037 liturgiam
955 1957 1331 2026 continuataS,
1378 1955 1514 2036 quin
1554 1956 1684 2016 Deo
1730 1956 1878 2017 illud
1922 1977 2016 2017 ac·
2051 1981 2057 1995 ·

283 2052 521 2116 ceptum
562 2035 753 2108 fuerit,
820 2038 881 2095 &
923 2057 1329 2116 nonnunquam
1369 2037 1582 2096 virtute
1613 2039 1676 2096 δε
1761 2038 2014 2098 r-aesentia
2082 2075 2086 2102 ς

284 2116 399 2195 ejus
441 2118 835 2177 comitatum:
901 2119 1104 2197 nolunt
1155 2117 1282 2176 inde
1341 2133 1532 2177 tamen
1594 2058 2016 2199 Pressyteriani
2081 2139 2086 2195 ζ

287 2197 648 2269 concludere,
697 2219 1027 2257 communes
1053 2198 1176 2257 illas
1200 2218 1395 2278 preces
1425 2199 1831 2260 continuandas
1859 2202 1966 2259 effe
1993 2226 2014 2267 ;
2052 2207 2055 2210 ’

286 2278 364 2338 fic
406 2279 600 2348 etiam,
651 2279 783 2338 licet
813 2280 1212 2350 confiteamur,
1260 2278 1643 2339 misericordia
1673 2279 1736 2338 δε
1763 2281 2044 2342 mirabili·

288 2358 400 2420 Dei
429 2359 912 2431 condescenfione,
947 2359 1127 2440 justos
1169 2360 1342 2419 corde
1384 2361 1444 2418 &
1499 2361 1646 2421 inter
1679 2362 2042 2424 Pontificios
2084 2423 2086 2425 .

287 2441 350 2498 &
390 2440 535 2499 inter
577 2442 961 2501 Protestantes
998 2441 1258 2513 extitisse,
1319 2462 1435 2499 non
1479 2442 1608 2501 ideo
1648 2458 1840 2502 tamen
1877 2463 1989 2524 pro

287 2520 549 2581 feffiones
587 2522 648 2580 &
676 2520 925 2602 singulas
968 2543 1169 2582 eorum
1216 2543 1418 2602 praxes
1457 2525 1782 2605 approbare
1823 2523 2016 2605 poffu-

291 2622 438 2672 muS,
482 2602 576 2662 vel
624 2603 697 2661 ad
734 2603 1083 2683 spiritualem
1111 2602 1276 2663 illum
1315 2605 1557 2675 cultum,
1603 2603 1676 2664 ad
1711 2625 1884 2684 quem
1912 2626 2035 2665 nos-

289 2683 555 2743 evocavit
603 2685 908 2755 DominUS,
973 2685 1430 2765 prosequendum
1472 2705 1587 2744 non
1650 2686 1963 2766 procedere
1992 2709 2056 2761 3-·.:·

292 2763 531 2845 ideoque
579 2781 781 2824 contra
820 2785 1011 2838 omne,
1075 2766 1347 2848 quicquid
1390 2767 1442 2826 ei
1481 2782 1783 2848 oppugnat
1822 2777 1882 2834 ὃ(
1908 2767 2051 2828 ob·³=⁷

295 2844 426 2915 stat,
472 2844 634 2904 nobis
671 2845 1089 2907 testificandum
1129 2849 1226 2907 est.

376 2926 479 2984 VI.
529 2929 841 3008 QARTo,
905 2944 971 2987 ut
1017 2929 1090 2989 ad
1130 2929 1340 2989 statum
1383 2929 1787 2991 controverfiae
1823 2927 2015 2988 venia-
2084 2943 2086 2947 ’

262 3058 265 3059 ⁷
295 3026 444 3076 mm,
491 3007 650 3085 quod
668 3006 740 3065 ad
761 3009 981 3068 cultum
1010 3009 1310 3089 publicum
1330 3011 1551 3084 attinet,
1596 3011 1855 3071 omnium
1883 3027 2013 3067 mu-

295 3106 399 3150 nus
438 3089 545 3146 effe
575 3086 927 3167 judicamus,
971 3090 1272 3171 diligentes
1312 3092 1419 3150 effe
1462 3092 1521 3152 in
1561 3090 1727 3153 simul
1766 3107 2012 3166 congre-

296 3167 488 3249 gando
522 3170 845 3247 (quomodo
874 3187 1066 3230 autem
1107 3172 1379 3232 fuerimus
1425 3193 1529 3232 nos
1555 3174 1661 3232 hac
1698 3169 1754 3229 in
1784 3189 1866 3238 re,
1912 3169 2011 3228 ad-

294 3247 520 3305 versarii
556 3250 730 3308 nostri
757 3250 814 3309 in
856 3253 1064 3331 magna
1086 3253 1397 3322 Britannia,
1442 3252 1537 3331 qui
1557 3251 1844 3320 omnibuS,
1883 3249 2011 3329 qui·-

269 3325 402 3387 *bus
438 3341 770 3405 potuerunt,
814 3333 998 3391 modis
1024 3333 1108 3391 ufi
1144 3333 1294 3403 sunt,
1339 3347 1403 3392 ut
1428 3332 1752 3393 innocentes
1790 3331 2009 3391 nostras

1878 3430 2011 3473 con·

2078 3450 2079 3454 „
2075 3296 2086 3394 προ-υ,
2080 3272 2086 3287 ..
2076 3162 2086 3261 ..ff—.—
