<?xml version="1.0" encoding="UTF-8"?>
<!DOCTYPE html PUBLIC "-//W3C//DTD XHTML 1.0 Transitional//EN"
    "http://www.w3.org/TR/xhtml1/DTD/xhtml1-transitional.dtd">
<html xmlns="http://www.w3.org/1999/xhtml" xml:lang="en" lang="en">
 <head>
  <title>
</title>
<meta http-equiv="Content-Type" content="text/html;charset=utf-8" />
  <meta name='ocr-system' content='tesseract 3.04.00' />
  <meta name='ocr-capabilities' content='ocr_page ocr_carea ocr_par ocr_line ocrx_word'/>
</head>
<body>
  <div class='ocr_page' id='page_1' title='image "./theologiaeverech00barcuoft_0260.png"; bbox 0 0 2086 3640; ppageno 0'>
   <div class='ocr_carea' id='block_1_1' title="bbox 225 98 1714 176">
    <p class='ocr_par' dir='ltr' id='par_1_1' title="bbox 225 98 1714 176">
     <span class='ocr_line' id='line_1_1' title="bbox 225 98 1714 176; baseline 0 -16"><span class='ocrx_word' id='word_1_1' title='bbox 225 120 339 176; x_wconf 75' lang='lat'>232</span> <span class='ocrx_word' id='word_1_2' title='bbox 536 99 1015 161; x_wconf 74' lang='lat' dir='ltr'><em>THESIS</em></span> <span class='ocrx_word' id='word_1_3' title='bbox 1083 98 1714 160; x_wconf 78' lang='lat' dir='ltr'><em>DECIMA..</em></span> 
     </span>
    </p>
   </div>
   <div class='ocr_carea' id='block_1_2' title="bbox 181 203 2086 3364">
    <p class='ocr_par' dir='ltr' id='par_1_2' title="bbox 181 203 2086 3364">
     <span class='ocr_line' id='line_1_2' title="bbox 218 203 1952 286; baseline -0.002 -20"><span class='ocrx_word' id='word_1_4' title='bbox 218 208 408 270; x_wconf 78' lang='lat' dir='ltr'>multo</span> <span class='ocrx_word' id='word_1_5' title='bbox 453 207 637 286; x_wconf 80' lang='lat' dir='ltr'>magis</span> <span class='ocrx_word' id='word_1_6' title='bbox 675 204 1005 265; x_wconf 73' lang='lat' dir='ltr'>necessarius</span> <span class='ocrx_word' id='word_1_7' title='bbox 1045 204 1133 263; x_wconf 89' lang='lat' dir='ltr'>est</span> <span class='ocrx_word' id='word_1_8' title='bbox 1153 205 1228 265; x_wconf 87' lang='lat' dir='ltr'>ad</span> <span class='ocrx_word' id='word_1_9' title='bbox 1265 203 1584 264; x_wconf 89' lang='lat' dir='ltr'>ministrum</span> <span class='ocrx_word' id='word_1_10' title='bbox 1606 207 1952 271; x_wconf 69' lang='lat' dir='ltr'>constituen,¹</span> 
     </span>
     <span class='ocr_line' id='line_1_3' title="bbox 219 285 1950 358; baseline 0.001 -10"><span class='ocrx_word' id='word_1_11' title='bbox 219 289 380 348; x_wconf 86' lang='lat' dir='ltr'>dum.</span> <span class='ocrx_word' id='word_1_12' title='bbox 466 286 750 356; x_wconf 77' lang='lat' dir='ltr'>Secundo,</span> <span class='ocrx_word' id='word_1_13' title='bbox 797 305 997 343; x_wconf 88' lang='lat' dir='ltr'>omnes</span> <span class='ocrx_word' id='word_1_14' title='bbox 1034 286 1170 345; x_wconf 89' lang='lat' dir='ltr'>novi</span> <span class='ocrx_word' id='word_1_15' title='bbox 1212 285 1530 345; x_wconf 88' lang='lat' dir='ltr'>testamenti</span> <span class='ocrx_word' id='word_1_16' title='bbox 1567 286 1818 349; x_wconf 75' lang='lat' dir='ltr'>ministri</span> <span class='ocrx_word' id='word_1_17' title='bbox 1851 292 1950 358; x_wconf 84' lang='lat' dir='ltr'>de·-</span> 
     </span>
     <span class='ocr_line' id='line_1_4' title="bbox 226 367 1952 444; baseline 0.003 -16"><span class='ocrx_word' id='word_1_18' title='bbox 226 372 364 428; x_wconf 89' lang='lat' dir='ltr'>bent</span> <span class='ocrx_word' id='word_1_19' title='bbox 411 368 518 427; x_wconf 80' lang='lat' dir='ltr'>effe</span> <span class='ocrx_word' id='word_1_20' title='bbox 562 368 788 443; x_wconf 85' lang='lat' dir='ltr'>ministri</span> <span class='ocrx_word' id='word_1_21' title='bbox 826 367 1078 444; x_wconf 66' lang='lat' dir='ltr'>Spiritds,</span> <span class='ocrx_word' id='word_1_22' title='bbox 1140 367 1208 428; x_wconf 57' lang='grc' dir='ltr'>ὅθ’</span> <span class='ocrx_word' id='word_1_23' title='bbox 1258 387 1358 425; x_wconf 83' lang='lat' dir='ltr'>non</span> <span class='ocrx_word' id='word_1_24' title='bbox 1413 367 1601 438; x_wconf 77' lang='lat' dir='ltr'>literae,</span> <span class='ocrx_word' id='word_1_25' title='bbox 1644 369 1952 433; x_wconf 67' lang='lat' dir='ltr'>secuudum</span> 
     </span>
     <span class='ocr_line' id='line_1_5' title="bbox 226 447 1952 527; baseline 0.003 -20"><span class='ocrx_word' id='word_1_26' title='bbox 226 449 391 518; x_wconf 85' lang='lat' dir='ltr'>illud,</span> <span class='ocrx_word' id='word_1_27' title='bbox 443 468 472 506; x_wconf 81' lang='lat'>2</span> <span class='ocrx_word' id='word_1_28' title='bbox 518 450 653 508; x_wconf 87' lang='lat' dir='ltr'>Cor.</span> <span class='ocrx_word' id='word_1_29' title='bbox 694 448 770 507; x_wconf 90' lang='lat' dir='ltr'>iii.</span> <span class='ocrx_word' id='word_1_30' title='bbox 805 448 857 506; x_wconf 85' lang='lat'>6.</span> <span class='ocrx_word' id='word_1_31' title='bbox 902 447 964 505; x_wconf 86' lang='lat'>&amp;</span> <span class='ocrx_word' id='word_1_32' title='bbox 1004 464 1069 508; x_wconf 89' lang='lat' dir='ltr'>ut</span> <span class='ocrx_word' id='word_1_33' title='bbox 1108 464 1269 508; x_wconf 89' lang='lat' dir='ltr'>vetus</span> <span class='ocrx_word' id='word_1_34' title='bbox 1301 447 1574 527; x_wconf 81' lang='lat' dir='ltr'><strong>interpres</strong></span> <span class='ocrx_word' id='word_1_35' title='bbox 1611 449 1807 522; x_wconf 84' lang='lat' dir='ltr'>habet,</span> <span class='ocrx_word' id='word_1_36' title='bbox 1849 473 1952 512; x_wconf 77' lang='lat' dir='ltr'>non</span> 
     </span>
     <span class='ocr_line' id='line_1_6' title="bbox 216 493 1955 613; baseline 0.005 -29"><span class='ocrx_word' id='word_1_37' title='bbox 216 493 411 600; x_wconf 37' lang='lat' dir='ltr'>litera,</span> <span class='ocrx_word' id='word_1_38' title='bbox 442 531 540 607; x_wconf 75' lang='lat' dir='ltr'>secl</span> <span class='ocrx_word' id='word_1_39' title='bbox 577 532 798 608; x_wconf 64' lang='lat' dir='ltr'>Spizitu.</span> <span class='ocrx_word' id='word_1_40' title='bbox 881 527 990 587; x_wconf 85' lang='lat' dir='ltr'>Sed</span> <span class='ocrx_word' id='word_1_41' title='bbox 1030 529 1330 608; x_wconf 86' lang='lat' dir='ltr'>quomodo</span> <span class='ocrx_word' id='word_1_42' title='bbox 1359 529 1546 608; x_wconf 89' lang='lat' dir='ltr'>potest</span> <span class='ocrx_word' id='word_1_43' title='bbox 1582 530 1783 612; x_wconf 87' lang='lat' dir='ltr'>aliquis</span> <span class='ocrx_word' id='word_1_44' title='bbox 1824 532 1955 613; x_wconf 79' lang='grc' dir='ltr'>8Ρί-</span> 
     </span>
     <span class='ocr_line' id='line_1_7' title="bbox 229 609 1966 690; baseline -0.001 -17"><span class='ocrx_word' id='word_1_45' title='bbox 229 611 375 673; x_wconf 79' lang='lat' dir='ltr'>ritus</span> <span class='ocrx_word' id='word_1_46' title='bbox 425 612 678 671; x_wconf 83' lang='lat' dir='ltr'>minister</span> <span class='ocrx_word' id='word_1_47' title='bbox 724 611 850 680; x_wconf 82' lang='lat' dir='ltr'>effe,</span> <span class='ocrx_word' id='word_1_48' title='bbox 916 609 1014 689; x_wconf 91' lang='lat' dir='ltr'>qui</span> <span class='ocrx_word' id='word_1_49' title='bbox 1057 611 1206 670; x_wconf 75' lang='lat' dir='ltr'>intus</span> <span class='ocrx_word' id='word_1_50' title='bbox 1259 609 1471 690; x_wconf 82' lang='lat' dir='ltr'>Spiritu</span> <span class='ocrx_word' id='word_1_51' title='bbox 1518 631 1640 671; x_wconf 88' lang='lat' dir='ltr'>non</span> <span class='ocrx_word' id='word_1_52' title='bbox 1674 629 1966 683; x_wconf 86' lang='lat' dir='ltr'>vocatur,</span> 
     </span>
     <span class='ocr_line' id='line_1_8' title="bbox 226 689 2086 774; baseline 0.002 -24"><span class='ocrx_word' id='word_1_53' title='bbox 226 695 441 774; x_wconf 87' lang='lat' dir='ltr'>quique</span> <span class='ocrx_word' id='word_1_54' title='bbox 482 691 878 772; x_wconf 82' lang='lat' dir='ltr'>operationem</span> <span class='ocrx_word' id='word_1_55' title='bbox 898 690 961 750; x_wconf 72' lang='grc' dir='ltr'>δε</span> <span class='ocrx_word' id='word_1_56' title='bbox 988 691 1378 752; x_wconf 86' lang='lat' dir='ltr'>testimonium</span> <span class='ocrx_word' id='word_1_57' title='bbox 1405 689 1649 771; x_wconf 83' lang='lat' dir='ltr'>Spiritus</span> <span class='ocrx_word' id='word_1_58' title='bbox 1667 693 1963 754; x_wconf 84' lang='lat' dir='ltr'>vocationi</span> <span class='ocrx_word' id='word_1_59' title='bbox 2083 758 2086 771; x_wconf 22' lang='grc' dir='ltr'>Ἰ</span> 
     </span>
     <span class='ocr_line' id='line_1_9' title="bbox 228 771 2086 881; baseline 0 -47"><span class='ocrx_word' id='word_1_60' title='bbox 228 772 343 834; x_wconf 78' lang='lat' dir='ltr'>suae</span> <span class='ocrx_word' id='word_1_61' title='bbox 383 773 688 832; x_wconf 74' lang='lat' dir='ltr'>essentialia</span> <span class='ocrx_word' id='word_1_62' title='bbox 737 793 852 834; x_wconf 90' lang='lat' dir='ltr'>non</span> <span class='ocrx_word' id='word_1_63' title='bbox 891 771 1140 845; x_wconf 74' lang='lat' dir='ltr'>iudicat?</span> <span class='ocrx_word' id='word_1_64' title='bbox 1189 788 1255 835; x_wconf 89' lang='lat' dir='ltr'>ut</span> <span class='ocrx_word' id='word_1_65' title='bbox 1301 772 1540 832; x_wconf 71' lang='lat' dir='ltr'>minime</span> <span class='ocrx_word' id='word_1_66' title='bbox 1669 774 1840 838; x_wconf 81' lang='lat' dir='ltr'>tuerit</span> <span class='ocrx_word' id='word_1_67' title='bbox 1885 775 1956 834; x_wconf 91' lang='lat' dir='ltr'>li-</span> <span class='ocrx_word' id='word_1_68' title='bbox 2071 800 2086 881; x_wconf 49' lang='grc' dir='ltr'>ἱ</span> 
     </span>
     <span class='ocr_line' id='line_1_10' title="bbox 230 853 2086 937; baseline 0.002 -24"><span class='ocrx_word' id='word_1_69' title='bbox 230 871 372 913; x_wconf 86' lang='lat' dir='ltr'>terae</span> <span class='ocrx_word' id='word_1_70' title='bbox 414 855 521 913; x_wconf 81' lang='lat' dir='ltr'>effe</span> <span class='ocrx_word' id='word_1_71' title='bbox 575 853 844 926; x_wconf 84' lang='lat' dir='ltr'>minister,</span> <span class='ocrx_word' id='word_1_72' title='bbox 908 853 1017 933; x_wconf 91' lang='lat' dir='ltr'>qui</span> <span class='ocrx_word' id='word_1_73' title='bbox 1055 853 1183 914; x_wconf 74' lang='lat' dir='ltr'>inde</span> <span class='ocrx_word' id='word_1_74' title='bbox 1227 853 1544 916; x_wconf 83' lang='lat' dir='ltr'>vocationis</span> <span class='ocrx_word' id='word_1_75' title='bbox 1603 874 1691 915; x_wconf 81' lang='lat' dir='ltr'>uae</span> <span class='ocrx_word' id='word_1_76' title='bbox 1729 855 1957 921; x_wconf 83' lang='lat' dir='ltr'>causam</span> <span class='ocrx_word' id='word_1_77' title='bbox 2071 866 2086 937; x_wconf 52' lang='grc' dir='ltr'>’ξ</span> 
     </span>
     <span class='ocr_line' id='line_1_11' title="bbox 232 933 2086 1014; baseline -0.002 -16"><span class='ocrx_word' id='word_1_78' title='bbox 232 957 349 998; x_wconf 86' lang='lat' dir='ltr'>non</span> <span class='ocrx_word' id='word_1_79' title='bbox 388 933 645 1006; x_wconf 81' lang='lat' dir='ltr'>haberet,</span> <span class='ocrx_word' id='word_1_80' title='bbox 707 936 784 995; x_wconf 83' lang='lat' dir='ltr'>ita</span> <span class='ocrx_word' id='word_1_81' title='bbox 834 955 1014 1013; x_wconf 84' lang='lat' dir='ltr'>neque</span> <span class='ocrx_word' id='word_1_82' title='bbox 1044 935 1231 1014; x_wconf 86' lang='lat' dir='ltr'>potest</span> <span class='ocrx_word' id='word_1_83' title='bbox 1260 934 1504 1014; x_wconf 74' lang='lat' dir='ltr'>Spiritus</span> <span class='ocrx_word' id='word_1_84' title='bbox 1544 935 1652 997; x_wconf 76' lang='lat' dir='ltr'>esse</span> <span class='ocrx_word' id='word_1_85' title='bbox 1680 935 1955 1006; x_wconf 81' lang='lat' dir='ltr'>minister,</span> <span class='ocrx_word' id='word_1_86' title='bbox 2071 938 2086 955; x_wconf 77' lang='lat'>“</span> 
     </span>
     <span class='ocr_line' id='line_1_12' title="bbox 233 1015 1960 1097; baseline 0.001 -22"><span class='ocrx_word' id='word_1_87' title='bbox 233 1018 334 1096; x_wconf 89' lang='lat' dir='ltr'>qui</span> <span class='ocrx_word' id='word_1_88' title='bbox 401 1016 476 1076; x_wconf 90' lang='lat' dir='ltr'>ei</span> <span class='ocrx_word' id='word_1_89' title='bbox 508 1016 841 1097; x_wconf 81' lang='lat' dir='ltr'>peregrinus</span> <span class='ocrx_word' id='word_1_90' title='bbox 898 1017 958 1074; x_wconf 74' lang='grc' dir='ltr'>δε</span> <span class='ocrx_word' id='word_1_91' title='bbox 1022 1017 1347 1075; x_wconf 87' lang='lat' dir='ltr'>motionum</span> <span class='ocrx_word' id='word_1_92' title='bbox 1403 1036 1519 1095; x_wconf 73' lang='lat' dir='ltr'>ejus</span> <span class='ocrx_word' id='word_1_93' title='bbox 1568 1015 1801 1094; x_wconf 83' lang='lat' dir='ltr'>ignarus</span> <span class='ocrx_word' id='word_1_94' title='bbox 1854 1017 1960 1088; x_wconf 84' lang='lat' dir='ltr'>est,</span> 
     </span>
     <span class='ocr_line' id='line_1_13' title="bbox 235 1097 1963 1181; baseline 0 -23"><span class='ocrx_word' id='word_1_95' title='bbox 235 1119 417 1177; x_wconf 87' lang='lat' dir='ltr'>neque</span> <span class='ocrx_word' id='word_1_96' title='bbox 466 1098 627 1157; x_wconf 88' lang='lat' dir='ltr'>novit</span> <span class='ocrx_word' id='word_1_97' title='bbox 674 1098 727 1158; x_wconf 89' lang='lat' dir='ltr'>se</span> <span class='ocrx_word' id='word_1_98' title='bbox 774 1099 850 1157; x_wconf 88' lang='lat' dir='ltr'>ab</span> <span class='ocrx_word' id='word_1_99' title='bbox 896 1097 1000 1162; x_wconf 89' lang='lat' dir='ltr'>illo</span> <span class='ocrx_word' id='word_1_100' title='bbox 1048 1097 1143 1176; x_wconf 84' lang='lat' dir='ltr'>agi</span> <span class='ocrx_word' id='word_1_101' title='bbox 1184 1099 1246 1155; x_wconf 71' lang='grc' dir='ltr'>ὅτ</span> <span class='ocrx_word' id='word_1_102' title='bbox 1291 1097 1532 1181; x_wconf 56' lang='lat' dir='ltr'>mweri,</span> <span class='ocrx_word' id='word_1_103' title='bbox 1576 1097 1638 1160; x_wconf 70' lang='grc' dir='ltr'>δε</span> <span class='ocrx_word' id='word_1_104' title='bbox 1679 1097 1963 1177; x_wconf 83' lang='lat' dir='ltr'>Spiritum</span> 
     </span>
     <span class='ocr_line' id='line_1_14' title="bbox 235 1170 2027 1268; baseline 0.001 -31"><span class='ocrx_word' id='word_1_105' title='bbox 235 1178 487 1238; x_wconf 83' lang='lat' dir='ltr'>illumin</span> <span class='ocrx_word' id='word_1_106' title='bbox 518 1199 692 1259; x_wconf 90' lang='lat' dir='ltr'>opere</span> <span class='ocrx_word' id='word_1_107' title='bbox 739 1178 1060 1238; x_wconf 88' lang='lat' dir='ltr'>ministerii</span> <span class='ocrx_word' id='word_1_108' title='bbox 1073 1170 1414 1257; x_wconf 83' lang='lat' dir='ltr'>praecedere.</span> <span class='ocrx_word' id='word_1_109' title='bbox 1498 1178 1784 1241; x_wconf 85' lang='lat' dir='ltr'>Libenter</span> <span class='ocrx_word' id='word_1_110' title='bbox 1823 1198 2027 1268; x_wconf 86' lang='lat' dir='ltr'>cog-</span> 
     </span>
     <span class='ocr_line' id='line_1_15' title="bbox 235 1257 1966 1350; baseline -0.001 -30.999"><span class='ocrx_word' id='word_1_111' title='bbox 235 1263 550 1331; x_wconf 73' lang='lat' dir='ltr'>noscerem,</span> <span class='ocrx_word' id='word_1_112' title='bbox 595 1260 947 1339; x_wconf 86' lang='lat' dir='ltr'>quomodo</span> <span class='ocrx_word' id='word_1_113' title='bbox 933 1260 989 1350; x_wconf 73' lang='lat' dir='ltr'>ii,</span> <span class='ocrx_word' id='word_1_114' title='bbox 1036 1259 1131 1339; x_wconf 89' lang='lat' dir='ltr'>qui</span> <span class='ocrx_word' id='word_1_115' title='bbox 1170 1261 1319 1320; x_wconf 88' lang='lat' dir='ltr'>fiunt</span> <span class='ocrx_word' id='word_1_116' title='bbox 1355 1257 1663 1339; x_wconf 85' lang='lat' dir='ltr'>Evangelii</span> <span class='ocrx_word' id='word_1_117' title='bbox 1697 1261 1788 1334; x_wconf 86' lang='lat' dir='ltr'>(ut</span> <span class='ocrx_word' id='word_1_118' title='bbox 1840 1279 1966 1339; x_wconf 76' lang='lat' dir='ltr'>ops-</span> 
     </span>
     <span class='ocr_line' id='line_1_16' title="bbox 236 1340 1965 1421; baseline -0.001 -21"><span class='ocrx_word' id='word_1_119' title='bbox 236 1349 471 1421; x_wconf 83' lang='lat' dir='ltr'>namur)</span> <span class='ocrx_word' id='word_1_120' title='bbox 516 1341 754 1400; x_wconf 88' lang='lat' dir='ltr'>ministri</span> <span class='ocrx_word' id='word_1_121' title='bbox 797 1341 1099 1400; x_wconf 87' lang='lat' dir='ltr'>vocatione</span> <span class='ocrx_word' id='word_1_122' title='bbox 1138 1361 1294 1402; x_wconf 82' lang='lat' dir='ltr'>mera</span> <span class='ocrx_word' id='word_1_123' title='bbox 1336 1341 1591 1410; x_wconf 87' lang='lat' dir='ltr'>externa,</span> <span class='ocrx_word' id='word_1_124' title='bbox 1636 1340 1801 1399; x_wconf 85' lang='lat' dir='ltr'>nullo</span> <span class='ocrx_word' id='word_1_125' title='bbox 1838 1361 1965 1399; x_wconf 89' lang='lat' dir='ltr'>mo-</span> 
     </span>
     <span class='ocr_line' id='line_1_17' title="bbox 236 1420 1964 1501; baseline 0.001 -22"><span class='ocrx_word' id='word_1_126' title='bbox 236 1421 316 1480; x_wconf 88' lang='lat' dir='ltr'>do</span> <span class='ocrx_word' id='word_1_127' title='bbox 367 1422 644 1482; x_wconf 79' lang='lat' dir='ltr'>sensibiles</span> <span class='ocrx_word' id='word_1_128' title='bbox 707 1423 895 1500; x_wconf 87' lang='lat' dir='ltr'>operis</span> <span class='ocrx_word' id='word_1_129' title='bbox 951 1422 1198 1501; x_wconf 73' lang='lat' dir='ltr'>Spiritus</span> <span class='ocrx_word' id='word_1_130' title='bbox 1263 1423 1358 1481; x_wconf 86' lang='lat' dir='ltr'>vel</span> <span class='ocrx_word' id='word_1_131' title='bbox 1415 1421 1654 1481; x_wconf 85' lang='lat' dir='ltr'>internae</span> <span class='ocrx_word' id='word_1_132' title='bbox 1709 1420 1964 1480; x_wconf 87' lang='lat' dir='ltr'>vocatio-</span> 
     </span>
     <span class='ocr_line' id='line_1_18' title="bbox 240 1500 1971 1592; baseline 0 -30"><span class='ocrx_word' id='word_1_133' title='bbox 240 1503 342 1572; x_wconf 81' lang='lat' dir='ltr'>niS,</span> <span class='ocrx_word' id='word_1_134' title='bbox 408 1503 708 1582; x_wconf 88' lang='lat' dir='ltr'>quomodo</span> <span class='ocrx_word' id='word_1_135' title='bbox 755 1503 1042 1592; x_wconf 83' lang='lat' dir='ltr'>[inquam]</span> <span class='ocrx_word' id='word_1_136' title='bbox 1082 1503 1174 1565; x_wconf 87' lang='lat' dir='ltr'>vel</span> <span class='ocrx_word' id='word_1_137' title='bbox 1205 1502 1334 1580; x_wconf 81' lang='lat' dir='ltr'>ipsis</span> <span class='ocrx_word' id='word_1_138' title='bbox 1361 1503 1456 1560; x_wconf 88' lang='lat' dir='ltr'>vel</span> <span class='ocrx_word' id='word_1_139' title='bbox 1498 1502 1619 1561; x_wconf 84' lang='lat' dir='ltr'>aliis</span> <span class='ocrx_word' id='word_1_140' title='bbox 1652 1500 1971 1564; x_wconf 78' lang='lat' dir='ltr'>satisfacere</span> 
     </span>
     <span class='ocr_line' id='line_1_19' title="bbox 238 1581 1965 1676; baseline 0 -34"><span class='ocrx_word' id='word_1_141' title='bbox 238 1586 472 1676; x_wconf 85' lang='lat' dir='ltr'>poffint,</span> <span class='ocrx_word' id='word_1_142' title='bbox 538 1583 692 1662; x_wconf 88' lang='lat' dir='ltr'>quod</span> <span class='ocrx_word' id='word_1_143' title='bbox 745 1583 851 1642; x_wconf 82' lang='lat' dir='ltr'>{int</span> <span class='ocrx_word' id='word_1_144' title='bbox 900 1583 1140 1642; x_wconf 88' lang='lat' dir='ltr'>ministri</span> <span class='ocrx_word' id='word_1_145' title='bbox 1187 1581 1454 1665; x_wconf 83' lang='lat' dir='ltr'>SpirituS,</span> <span class='ocrx_word' id='word_1_146' title='bbox 1497 1583 1558 1645; x_wconf 84' lang='lat'>&amp;</span> <span class='ocrx_word' id='word_1_147' title='bbox 1585 1582 1893 1662; x_wconf 80' lang='lat' dir='ltr'>quomodo</span> <span class='ocrx_word' id='word_1_148' title='bbox 1933 1604 1965 1642; x_wconf 88' lang='lat' dir='ltr'>a</span> 
     </span>
     <span class='ocr_line' id='line_1_20' title="bbox 240 1664 2074 1739; baseline -0.002 -11"><span class='ocrx_word' id='word_1_149' title='bbox 240 1665 507 1728; x_wconf 85' lang='lat' dir='ltr'>ministris</span> <span class='ocrx_word' id='word_1_150' title='bbox 539 1665 721 1724; x_wconf 82' lang='lat' dir='ltr'>literae</span> <span class='ocrx_word' id='word_1_151' title='bbox 749 1664 1035 1724; x_wconf 78' lang='lat' dir='ltr'>differant.</span> <span class='ocrx_word' id='word_1_152' title='bbox 2071 1737 2074 1739; x_wconf 11' lang='grc' dir='ltr'><strong>Α</strong></span> 
     </span>
     <span class='ocr_line' id='line_1_21' title="bbox 322 1742 1971 1825; baseline -0.003 -19"><span class='ocrx_word' id='word_1_153' title='bbox 322 1743 615 1815; x_wconf 82' lang='lat' dir='ltr'>TERTIO,</span> <span class='ocrx_word' id='word_1_154' title='bbox 664 1745 703 1806; x_wconf 88' lang='lat' dir='ltr'>fi</span> <span class='ocrx_word' id='word_1_155' title='bbox 726 1745 1115 1806; x_wconf 90' lang='lat' dir='ltr'>testimonium</span> <span class='ocrx_word' id='word_1_156' title='bbox 1135 1743 1380 1825; x_wconf 86' lang='lat' dir='ltr'>Spiritus</span> <span class='ocrx_word' id='word_1_157' title='bbox 1400 1765 1516 1805; x_wconf 90' lang='lat' dir='ltr'>non</span> <span class='ocrx_word' id='word_1_158' title='bbox 1532 1745 1668 1805; x_wconf 79' lang='lat' dir='ltr'>esset</span> <span class='ocrx_word' id='word_1_159' title='bbox 1685 1742 1971 1806; x_wconf 79' lang='lat' dir='ltr'>effentiale</span> 
     </span>
     <span class='ocr_line' id='line_1_22' title="bbox 242 1824 2077 1902; baseline -0.002 -12"><span class='ocrx_word' id='word_1_160' title='bbox 242 1847 304 1890; x_wconf 82' lang='lat' dir='ltr'>at</span> <span class='ocrx_word' id='word_1_161' title='bbox 351 1850 421 1887; x_wconf 88' lang='lat' dir='ltr'>ue</span> <span class='ocrx_word' id='word_1_162' title='bbox 448 1828 815 1888; x_wconf 85' lang='lat' dir='ltr'>neceffarium</span> <span class='ocrx_word' id='word_1_163' title='bbox 859 1827 1143 1898; x_wconf 89' lang='lat' dir='ltr'>ministro,</span> <span class='ocrx_word' id='word_1_164' title='bbox 1203 1842 1338 1886; x_wconf 90' lang='lat' dir='ltr'>tunc</span> <span class='ocrx_word' id='word_1_165' title='bbox 1379 1826 1753 1892; x_wconf 85' lang='lat' dir='ltr'>ministerium</span> <span class='ocrx_word' id='word_1_166' title='bbox 1774 1824 1971 1890; x_wconf 86' lang='lat' dir='ltr'>Evan·</span> <span class='ocrx_word' id='word_1_167' title='bbox 2053 1831 2077 1902; x_wconf 61' lang='lat' dir='ltr'>[of-J</span> 
     </span>
     <span class='ocr_line' id='line_1_23' title="bbox 237 1906 2077 1987; baseline 0.001 -18"><span class='ocrx_word' id='word_1_168' title='bbox 237 1933 317 1969; x_wconf 68' lang='lat' dir='ltr'>&lt;re</span> <span class='ocrx_word' id='word_1_169' title='bbox 347 1912 384 1968; x_wconf 87' lang='lat' dir='ltr'>ii</span> <span class='ocrx_word' id='word_1_170' title='bbox 441 1931 557 1973; x_wconf 89' lang='lat' dir='ltr'>non</span> <span class='ocrx_word' id='word_1_171' title='bbox 599 1909 786 1967; x_wconf 72' lang='lat' dir='ltr'>solum</span> <span class='ocrx_word' id='word_1_172' title='bbox 850 1930 964 1967; x_wconf 89' lang='lat' dir='ltr'>non</span> <span class='ocrx_word' id='word_1_173' title='bbox 1006 1908 1141 1966; x_wconf 78' lang='lat' dir='ltr'>esset</span> <span class='ocrx_word' id='word_1_174' title='bbox 1182 1906 1602 1987; x_wconf 82' lang='lat' dir='ltr'>praeferendum</span> <span class='ocrx_word' id='word_1_175' title='bbox 1659 1906 1973 1968; x_wconf 88' lang='lat' dir='ltr'>ministerio</span> <span class='ocrx_word' id='word_1_176' title='bbox 2050 1910 2077 1987; x_wconf 65' lang='lat' dir='ltr'>‘3⁰:ss</span> 
     </span>
     <span class='ocr_line' id='line_1_24' title="bbox 271 1987 1971 2081; baseline -0.001 -31"><span class='ocrx_word' id='word_1_177' title='bbox 271 1994 412 2070; x_wconf 76' lang='lat' dir='ltr'>egi5‚</span> <span class='ocrx_word' id='word_1_178' title='bbox 477 1991 570 2049; x_wconf 85' lang='lat' dir='ltr'>sed</span> <span class='ocrx_word' id='word_1_179' title='bbox 601 1990 859 2068; x_wconf 86' lang='lat' dir='ltr'>pluribus</span> <span class='ocrx_word' id='word_1_180' title='bbox 902 1989 1213 2048; x_wconf 85' lang='lat' dir='ltr'>rationibus</span> <span class='ocrx_word' id='word_1_181' title='bbox 1250 1989 1423 2067; x_wconf 86' lang='lat' dir='ltr'>longe</span> <span class='ocrx_word' id='word_1_182' title='bbox 1473 1987 2071 2081; x_wconf 88' lang='lat' dir='ltr'>postponendum:</span> 
     </span>
     <span class='ocr_line' id='line_1_25' title="bbox 246 2039 1972 2148; baseline -0.002 -17"><span class='ocrx_word' id='word_1_183' title='bbox 246 2094 382 2131; x_wconf 79' lang='lat' dir='ltr'>nam</span> <span class='ocrx_word' id='word_1_184' title='bbox 424 2073 525 2131; x_wconf 84' lang='lat' dir='ltr'>sub</span> <span class='ocrx_word' id='word_1_185' title='bbox 576 2072 738 2148; x_wconf 81' lang='lat' dir='ltr'>Lege</span> <span class='ocrx_word' id='word_1_186' title='bbox 781 2088 935 2130; x_wconf 84' lang='lat' dir='ltr'>certa</span> <span class='ocrx_word' id='word_1_187' title='bbox 977 2086 1098 2128; x_wconf 86' lang='lat' dir='ltr'>erat</span> <span class='ocrx_word' id='word_1_188' title='bbox 1148 2070 1329 2133; x_wconf 75' lang='lat' dir='ltr'>tubus</span> <span class='ocrx_word' id='word_1_189' title='bbox 1350 2039 1450 2137; x_wconf 63' lang='lat' dir='ltr'>oad</span> <span class='ocrx_word' id='word_1_190' title='bbox 1479 2069 1854 2134; x_wconf 86' lang='lat' dir='ltr'>ministerium</span> <span class='ocrx_word' id='word_1_191' title='bbox 1891 2070 1972 2128; x_wconf 85' lang='lat' dir='ltr'>as-</span> 
     </span>
     <span class='ocr_line' id='line_1_26' title="bbox 247 2150 1974 2232; baseline -0.002 -20"><span class='ocrx_word' id='word_1_192' title='bbox 247 2153 488 2232; x_wconf 80' lang='lat' dir='ltr'>signata,</span> <span class='ocrx_word' id='word_1_193' title='bbox 556 2162 615 2216; x_wconf 59' lang='lat'>81</span> <span class='ocrx_word' id='word_1_194' title='bbox 655 2171 725 2209; x_wconf 82' lang='lat' dir='ltr'>ex</span> <span class='ocrx_word' id='word_1_195' title='bbox 769 2151 925 2208; x_wconf 83' lang='lat' dir='ltr'>tribu</span> <span class='ocrx_word' id='word_1_196' title='bbox 963 2150 1059 2208; x_wconf 85' lang='lat' dir='ltr'>illa</span> <span class='ocrx_word' id='word_1_197' title='bbox 1110 2151 1377 2229; x_wconf 67' lang='lat' dir='ltr'>quaedam</span> <span class='ocrx_word' id='word_1_198' title='bbox 1421 2150 1655 2210; x_wconf 72' lang='lat' dir='ltr'>familiae</span> <span class='ocrx_word' id='word_1_199' title='bbox 1695 2150 1752 2208; x_wconf 87' lang='lat' dir='ltr'>in</span> <span class='ocrx_word' id='word_1_200' title='bbox 1791 2150 1974 2208; x_wconf 87' lang='lat' dir='ltr'>sacer·</span> 
     </span>
     <span class='ocr_line' id='line_1_27' title="bbox 246 2229 1975 2320; baseline -0.001 -28"><span class='ocrx_word' id='word_1_201' title='bbox 246 2234 479 2293; x_wconf 84' lang='lat' dir='ltr'>dotium</span> <span class='ocrx_word' id='word_1_202' title='bbox 515 2231 1146 2312; x_wconf 68' lang='lat' dir='ltr'>separataeimmediito</span> <span class='ocrx_word' id='word_1_203' title='bbox 1183 2231 1296 2290; x_wconf 90' lang='lat' dir='ltr'>Dei</span> <span class='ocrx_word' id='word_1_204' title='bbox 1333 2247 1630 2320; x_wconf 88' lang='lat' dir='ltr'>praecepto</span> <span class='ocrx_word' id='word_1_205' title='bbox 1667 2229 1828 2292; x_wconf 85' lang='lat' dir='ltr'>Mofi</span> <span class='ocrx_word' id='word_1_206' title='bbox 1855 2246 1975 2291; x_wconf 88' lang='lat' dir='ltr'>tra-</span> 
     </span>
     <span class='ocr_line' id='line_1_28' title="bbox 245 2311 1970 2392; baseline -0.002 -17"><span class='ocrx_word' id='word_1_207' title='bbox 245 2316 391 2386; x_wconf 84' lang='lat' dir='ltr'>dito,</span> <span class='ocrx_word' id='word_1_208' title='bbox 455 2315 516 2372; x_wconf 85' lang='lat'>&amp;</span> <span class='ocrx_word' id='word_1_209' title='bbox 575 2315 651 2372; x_wconf 89' lang='lat' dir='ltr'>fic</span> <span class='ocrx_word' id='word_1_210' title='bbox 689 2313 912 2372; x_wconf 86' lang='lat' dir='ltr'>nullum</span> <span class='ocrx_word' id='word_1_211' title='bbox 961 2312 1229 2373; x_wconf 63' lang='lat' dir='ltr'>1eli8tum</span> <span class='ocrx_word' id='word_1_212' title='bbox 1282 2312 1391 2370; x_wconf 89' lang='lat' dir='ltr'>fuit</span> <span class='ocrx_word' id='word_1_213' title='bbox 1434 2313 1655 2392; x_wconf 88' lang='lat' dir='ltr'>populo</span> <span class='ocrx_word' id='word_1_214' title='bbox 1703 2311 1970 2384; x_wconf 88' lang='lat' dir='ltr'>dubium,</span> 
     </span>
     <span class='ocr_line' id='line_1_29' title="bbox 246 2392 2058 2476; baseline -0.002 -21"><span class='ocrx_word' id='word_1_215' title='bbox 246 2398 485 2476; x_wconf 84' lang='lat' dir='ltr'>quinam</span> <span class='ocrx_word' id='word_1_216' title='bbox 507 2393 695 2454; x_wconf 87' lang='lat' dir='ltr'>forent</span> <span class='ocrx_word' id='word_1_217' title='bbox 724 2394 1036 2453; x_wconf 84' lang='lat' dir='ltr'>sacerdotes</span> <span class='ocrx_word' id='word_1_218' title='bbox 1077 2393 1138 2451; x_wconf 85' lang='lat'>&amp;</span> <span class='ocrx_word' id='word_1_219' title='bbox 1176 2414 1369 2452; x_wconf 76' lang='lat' dir='ltr'>lerum</span> <span class='ocrx_word' id='word_1_220' title='bbox 1389 2395 1674 2454; x_wconf 84' lang='lat' dir='ltr'>sacrarum</span> <span class='ocrx_word' id='word_1_221' title='bbox 1694 2392 1968 2454; x_wconf 87' lang='lat' dir='ltr'>ministri.</span> <span class='ocrx_word' id='word_1_222' title='bbox 2025 2407 2058 2447; x_wconf 70' lang='lat' dir='ltr'><em>ff</em></span> 
     </span>
     <span class='ocr_line' id='line_1_30' title="bbox 248 2474 2062 2556; baseline -0.001 -20"><span class='ocrx_word' id='word_1_223' title='bbox 248 2478 368 2536; x_wconf 73' lang='lat' dir='ltr'>imo</span> <span class='ocrx_word' id='word_1_224' title='bbox 397 2477 459 2534; x_wconf 83' lang='lat'>&amp;</span> <span class='ocrx_word' id='word_1_225' title='bbox 509 2492 720 2556; x_wconf 69' lang='lat' dir='ltr'>praeter</span> <span class='ocrx_word' id='word_1_226' title='bbox 769 2475 871 2533; x_wconf 88' lang='lat' dir='ltr'>hos</span> <span class='ocrx_word' id='word_1_227' title='bbox 918 2477 1073 2535; x_wconf 90' lang='lat' dir='ltr'>Deus</span> <span class='ocrx_word' id='word_1_228' title='bbox 1121 2474 1446 2554; x_wconf 87' lang='lat' dir='ltr'>frequenter</span> <span class='ocrx_word' id='word_1_229' title='bbox 1482 2474 1819 2537; x_wconf 86' lang='lat' dir='ltr'>immediato</span> <span class='ocrx_word' id='word_1_230' title='bbox 1848 2475 1974 2556; x_wconf 87' lang='lat' dir='ltr'>Spi-</span> <span class='ocrx_word' id='word_1_231' title='bbox 2060 2488 2062 2490; x_wconf 74' lang='grc'><strong><em>’</em></strong></span> 
     </span>
     <span class='ocr_line' id='line_1_31' title="bbox 249 2555 1976 2636; baseline 0 -18"><span class='ocrx_word' id='word_1_232' title='bbox 249 2559 392 2618; x_wconf 89' lang='lat' dir='ltr'>ritus</span> <span class='ocrx_word' id='word_1_233' title='bbox 430 2557 510 2616; x_wconf 85' lang='lat' dir='ltr'>sui</span> <span class='ocrx_word' id='word_1_234' title='bbox 551 2556 874 2616; x_wconf 86' lang='lat' dir='ltr'>testimonio</span> <span class='ocrx_word' id='word_1_235' title='bbox 916 2556 1220 2615; x_wconf 88' lang='lat' dir='ltr'>nonnullos</span> <span class='ocrx_word' id='word_1_236' title='bbox 1262 2555 1494 2616; x_wconf 85' lang='lat' dir='ltr'>vocavit</span> <span class='ocrx_word' id='word_1_237' title='bbox 1519 2557 1592 2625; x_wconf 87' lang='lat' dir='ltr'>ad</span> <span class='ocrx_word' id='word_1_238' title='bbox 1633 2555 1976 2636; x_wconf 81' lang='lat' dir='ltr'>redarguen-</span> 
     </span>
     <span class='ocr_line' id='line_1_32' title="bbox 236 2637 2033 2717; baseline -0.001 -19"><span class='ocrx_word' id='word_1_239' title='bbox 236 2641 392 2700; x_wconf 86' lang='lat' dir='ltr'>-dum</span> <span class='ocrx_word' id='word_1_240' title='bbox 435 2640 497 2699; x_wconf 73' lang='grc' dir='ltr'>δε</span> <span class='ocrx_word' id='word_1_241' title='bbox 539 2638 926 2698; x_wconf 87' lang='lat' dir='ltr'>instruendum</span> <span class='ocrx_word' id='word_1_242' title='bbox 964 2637 1271 2717; x_wconf 90' lang='lat' dir='ltr'>populum,</span> <span class='ocrx_word' id='word_1_243' title='bbox 1336 2637 1605 2698; x_wconf 84' lang='lat' dir='ltr'>videlicet</span> <span class='ocrx_word' id='word_1_244' title='bbox 1629 2637 1974 2711; x_wconf 85' lang='lat' dir='ltr'>Samuelem,</span> <span class='ocrx_word' id='word_1_245' title='bbox 2032 2640 2033 2644; x_wconf 72' lang='grc'>’</span> 
     </span>
     <span class='ocr_line' id='line_1_33' title="bbox 250 2718 2061 2810; baseline -0.002 -30"><span class='ocrx_word' id='word_1_246' title='bbox 250 2722 534 2790; x_wconf 64' lang='lat' dir='ltr'>Nathan,⁴</span> <span class='ocrx_word' id='word_1_247' title='bbox 582 2719 800 2790; x_wconf 81' lang='lat' dir='ltr'>Eliam,</span> <span class='ocrx_word' id='word_1_248' title='bbox 844 2719 1019 2790; x_wconf 81' lang='lat' dir='ltr'>Elisa,</span> <span class='ocrx_word' id='word_1_249' title='bbox 1086 2718 1396 2798; x_wconf 87' lang='lat' dir='ltr'>Jeremiah,</span> <span class='ocrx_word' id='word_1_250' title='bbox 1459 2720 1650 2781; x_wconf 86' lang='lat' dir='ltr'>Amos</span> <span class='ocrx_word' id='word_1_251' title='bbox 1688 2719 1751 2785; x_wconf 83' lang='lat'>&amp;</span> <span class='ocrx_word' id='word_1_252' title='bbox 1786 2720 1978 2810; x_wconf 86' lang='lat' dir='ltr'>plures</span> <span class='ocrx_word' id='word_1_253' title='bbox 2027 2742 2061 2776; x_wconf 75' lang='grc'>·,</span> 
     </span>
     <span class='ocr_line' id='line_1_34' title="bbox 181 2799 2057 2870; baseline 0.003 -15"><span class='ocrx_word' id='word_1_254' title='bbox 181 2852 183 2855; x_wconf 79' lang='grc'>,</span> <span class='ocrx_word' id='word_1_255' title='bbox 247 2803 431 2862; x_wconf 84' lang='lat' dir='ltr'>alios:</span> <span class='ocrx_word' id='word_1_256' title='bbox 495 2801 588 2859; x_wconf 85' lang='lat' dir='ltr'>sed</span> <span class='ocrx_word' id='word_1_257' title='bbox 631 2822 778 2860; x_wconf 86' lang='lat' dir='ltr'>nunc</span> <span class='ocrx_word' id='word_1_258' title='bbox 828 2801 932 2861; x_wconf 88' lang='lat' dir='ltr'>sub</span> <span class='ocrx_word' id='word_1_259' title='bbox 973 2821 1130 2859; x_wconf 90' lang='lat' dir='ltr'>novo</span> <span class='ocrx_word' id='word_1_260' title='bbox 1169 2799 1408 2870; x_wconf 85' lang='lat' dir='ltr'>foedere,</span> <span class='ocrx_word' id='word_1_261' title='bbox 1471 2802 1572 2861; x_wconf 90' lang='lat' dir='ltr'>ubi</span> <span class='ocrx_word' id='word_1_262' title='bbox 1600 2799 1978 2861; x_wconf 88' lang='lat' dir='ltr'>ministerium</span> <span class='ocrx_word' id='word_1_263' title='bbox 2055 2826 2057 2831; x_wconf 95' lang='lat'>·</span> 
     </span>
     <span class='ocr_line' id='line_1_35' title="bbox 248 2881 2057 2970; baseline -0.001 -28"><span class='ocrx_word' id='word_1_264' title='bbox 248 2883 434 2962; x_wconf 82' lang='lat' dir='ltr'>magis</span> <span class='ocrx_word' id='word_1_265' title='bbox 479 2882 794 2970; x_wconf 85' lang='lat' dir='ltr'>spirituale,</span> <span class='ocrx_word' id='word_1_266' title='bbox 837 2882 934 2943; x_wconf 82' lang='lat' dir='ltr'>via</span> <span class='ocrx_word' id='word_1_267' title='bbox 971 2882 1202 2951; x_wconf 87' lang='lat' dir='ltr'>certior,</span> <span class='ocrx_word' id='word_1_268' title='bbox 1267 2881 1450 2949; x_wconf 85' lang='lat' dir='ltr'>aditus</span> <span class='ocrx_word' id='word_1_269' title='bbox 1490 2881 1716 2942; x_wconf 84' lang='lat' dir='ltr'>facilior</span> <span class='ocrx_word' id='word_1_270' title='bbox 1744 2883 1854 2941; x_wconf 80' lang='lat' dir='ltr'>esse</span> <span class='ocrx_word' id='word_1_271' title='bbox 1878 2882 1991 2940; x_wconf 86' lang='lat' dir='ltr'>de-·</span> <span class='ocrx_word' id='word_1_272' title='bbox 2056 2930 2057 2934; x_wconf 59' lang='grc'>,</span> 
     </span>
     <span class='ocr_line' id='line_1_36' title="bbox 250 2961 1978 3043; baseline -0.001 -20"><span class='ocrx_word' id='word_1_273' title='bbox 250 2966 371 3033; x_wconf 89' lang='lat' dir='ltr'>bet,</span> <span class='ocrx_word' id='word_1_274' title='bbox 419 2962 746 3034; x_wconf 85' lang='lat' dir='ltr'>adversarii,</span> <span class='ocrx_word' id='word_1_275' title='bbox 791 2961 956 3041; x_wconf 89' lang='lat' dir='ltr'>hujus</span> <span class='ocrx_word' id='word_1_276' title='bbox 985 2962 1304 3022; x_wconf 84' lang='lat' dir='ltr'>internae&amp;</span> <span class='ocrx_word' id='word_1_277' title='bbox 1337 2962 1645 3043; x_wconf 88' lang='lat' dir='ltr'>spiritualis</span> <span class='ocrx_word' id='word_1_278' title='bbox 1657 2962 1978 3028; x_wconf 87' lang='lat' dir='ltr'>vocationis</span> 
     </span>
     <span class='ocr_line' id='line_1_37' title="bbox 248 3035 2045 3192; baseline 0 -89"><span class='ocrx_word' id='word_1_279' title='bbox 248 3047 635 3104; x_wconf 77' lang='lat' dir='ltr'>necessitatem</span> <span class='ocrx_word' id='word_1_280' title='bbox 678 3060 969 3124; x_wconf 79' lang='lat' dir='ltr'>neganteS,</span> <span class='ocrx_word' id='word_1_281' title='bbox 1017 3044 1370 3106; x_wconf 87' lang='lat' dir='ltr'>contrarium</span> <span class='ocrx_word' id='word_1_282' title='bbox 1416 3044 1587 3124; x_wconf 89' lang='lat' dir='ltr'>plane</span> <span class='ocrx_word' id='word_1_283' title='bbox 1627 3042 1973 3112; x_wconf 80' lang='lat' dir='ltr'>declarant3</span> <span class='ocrx_word' id='word_1_284' title='bbox 1953 3035 2045 3192; x_wconf 56' lang='grc' dir='ltr'>,ἔ</span> 
     </span>
     <span class='ocr_line' id='line_1_38' title="bbox 249 3121 1975 3193; baseline 0 -11"><span class='ocrx_word' id='word_1_285' title='bbox 249 3146 386 3183; x_wconf 85' lang='lat' dir='ltr'>cum</span> <span class='ocrx_word' id='word_1_286' title='bbox 423 3125 573 3183; x_wconf 88' lang='lat' dir='ltr'>enim</span> <span class='ocrx_word' id='word_1_287' title='bbox 615 3125 775 3186; x_wconf 91' lang='lat' dir='ltr'>nulla</span> <span class='ocrx_word' id='word_1_288' title='bbox 802 3145 952 3185; x_wconf 89' lang='lat' dir='ltr'>nunc</span> <span class='ocrx_word' id='word_1_289' title='bbox 973 3141 1127 3184; x_wconf 87' lang='lat' dir='ltr'>certa</span> <span class='ocrx_word' id='word_1_290' title='bbox 1167 3124 1388 3184; x_wconf 90' lang='lat' dir='ltr'>familia</span> <span class='ocrx_word' id='word_1_291' title='bbox 1415 3142 1516 3186; x_wconf 85' lang='lat' dir='ltr'>aut</span> <span class='ocrx_word' id='word_1_292' title='bbox 1553 3125 1733 3192; x_wconf 84' lang='lat' dir='ltr'>tribus</span> <span class='ocrx_word' id='word_1_293' title='bbox 1749 3121 1837 3193; x_wconf 88' lang='lat' dir='ltr'>fit,</span> <span class='ocrx_word' id='word_1_294' title='bbox 1882 3124 1975 3186; x_wconf 85' lang='lat' dir='ltr'>cui</span> 
     </span>
     <span class='ocr_line' id='line_1_39' title="bbox 251 3204 2029 3343; baseline 0.003 -83"><span class='ocrx_word' id='word_1_295' title='bbox 251 3205 624 3266; x_wconf 85' lang='lat' dir='ltr'>ministerium</span> <span class='ocrx_word' id='word_1_296' title='bbox 673 3209 1005 3286; x_wconf 70' lang='lat' dir='ltr'>assignatur,</span> <span class='ocrx_word' id='word_1_297' title='bbox 1078 3206 1133 3266; x_wconf 87' lang='lat' dir='ltr'>in</span> <span class='ocrx_word' id='word_1_298' title='bbox 1182 3205 1400 3268; x_wconf 85' lang='lat' dir='ltr'>incerto</span> <span class='ocrx_word' id='word_1_299' title='bbox 1441 3204 1611 3287; x_wconf 82' lang='lat' dir='ltr'>positi</span> <span class='ocrx_word' id='word_1_300' title='bbox 1656 3205 1866 3343; x_wconf 46' lang='lat' dir='ltr'>sumtff,</span> <span class='ocrx_word' id='word_1_301' title='bbox 1909 3204 2015 3268; x_wconf 70' lang='grc' dir='ltr'>δῖ.</span> <span class='ocrx_word' id='word_1_302' title='bbox 2011 3215 2029 3259; x_wconf 93' lang='lat'>.³</span> 
     </span>
     <span class='ocr_line' id='line_1_40' title="bbox 1721 3303 2025 3364; baseline 0.02 -21"><span class='ocrx_word' id='word_1_303' title='bbox 1721 3303 1796 3364; x_wconf 87' lang='lat' dir='ltr'>pa</span> <span class='ocrx_word' id='word_1_304' title='bbox 1845 3303 2025 3348; x_wconf 71' lang='lat' dir='ltr'>ores</span> 
     </span>
    </p>
   </div>
   <div class='ocr_carea' id='block_1_3' title="bbox 2020 2074 2086 3640">
    <p class='ocr_par' dir='ltr' id='par_1_3' title="bbox 2020 2074 2086 3640">
     <span class='ocr_line' id='line_1_41' title="bbox 2020 2074 2086 3640; baseline 0 0"><span class='ocrx_word' id='word_1_305' title='bbox 2020 2074 2086 3640; x_wconf 95' lang='lat' dir='ltr'>   </span> 
     </span>
    </p>
   </div>
  </div>
 </body>
</html>
