2086 3640
187 139 277 202 De
297 136 565 198 Commun.
589 132 662 199 δέ’
693 131 902 196 Partic.
929 145 1069 211 corp.
1102 128 1172 191 δέ)
1185 129 1342 209 sttng.
1365 125 1585 203 Chrzstz'.
1671 149 1807 210 379-

32 265 152 326 ‚ego
200 245 355 314 dabo,
400 262 526 303 caro
575 262 694 302 mea
735 239 829 318 est,
894 238 959 298 &
995 258 1116 300 ver.
1170 237 1269 314 56.
1324 236 1470 296 Caro
1516 239 1654 297 enim
1681 258 1801 298 mea

10 392 14 395 ,
68 327 199 389 ver?
240 327 312 402 est
358 326 521 395 cibus,
569 323 866 403 &sanguis
904 342 1044 381 meus
1070 321 1202 381 vere*
1227 321 1298 397 est
1320 333 1489 397 potus.
1537 319 1797 401 Qarto,

68 409 456 466 neceffitatem
495 403 669 484 hujust,
697 402 1079 484 participandi
1130 400 1455 471 annunciat,
1528 418 1649 459 ver.
1703 418 1805 476 54.-

70 488 196 566 szfi
244 487 696 549 manducaveritis
729 504 944 545 carnem
977 483 1096 557 filii
1141 484 1382 552 hominis,
1451 483 1520 543 ξεῖ
1563 483 1804 548 biberitis

66 573 174 652 ejus
205 571 538 650 sanguinem,
575 587 684 634 -non
731 566 989 635 habebitis
1035 567 1210 625 vitam
1248 569 1303 623 in
1340 565 1506 625 vobis.
1594 563 1676 623 Et
1702 564 1805 623 de·-

69 653 262 729 nique,
311 654 511 710 beatos
553 659 612 714 δζ
651 647 965 727 pr-aeclaros
1015 645 1235 707 fructus
1267 647 1328 703 &
1377 646 1614 706 effeetus
1641 665 1806 707 com·

72 731 359 793 munionis
402 728 566 808 hujus
607 726 868 808 corporis
895 725 1256 809 &sanguinis
1278 727 1514 798 Christi,
1565 746 1682 788 ver.
1706 748 1805 807 33.

73 813 183 872 Hic
229 814 392 889 panis
433 811 529 872 dat
566 814 742 872 vitam
783 809 1010 870 mund0.-
1073 829 1194 869 ver.
1241 827 1341 884 50·
1384 811 1446 869 Si
1491 813 1605 891 quis
1654 830 1717 869 ex
1750 828 1810 869 eo

22 945 24 947 ,
72 893 499 965 manducaverit,
571 913 675 954 non
722 895 997 963 morietur,
1063 910 1183 951 ver.
1231 908 1328 969 57.
1373 893 1465 971 qui
1522 892 1811 952 manducat

70 976 210 1035 hanc
242 997 477 1045 carnem,
523 976 592 1036 ἑὸ*
634 974 766 1035 bibit
809 973 948 1034 hunc
965 973 1296 1054 sanguinem,
1342 986 1520 1040 manet
1547 978 1603 1033 in
1646 974 1814 1033 Chri-

54 1059 169 1132 ste,
217 1058 287 1118 δέ)
339 1057 579 1134 Christus
617 1059 672 1116 in
711 1055 822 1117 illo.
911 1055 1005 1115 Ex
1028 1054 1226 1135 ampla
1274 1056 1382 1113 hac
1424 1054 1815 1133 descriptione

71 1138 329 1218 originiS,
375 1155 618 1209 naturae,
665 1133 729 1196 &
767 1137 1082 1197 effectuum
1123 1133 1290 1213 hujus
1338 1135 1619 1215 corporiS,
1686 1153 1814 1194 car-

71 1219 154 1278 nis
191 1221 254 1282 83
295 1221 581 1300 sanguinis·
615 1217 850 1290 Christi,
896 1233 1060 1299 patet
1105 1216 1400 1297 spirituale
1437 1217 1568 1287 effe,
1630 1216 1693 1274 &
1739 1217 1816 1275 de

73 1321 321 1380 corpore
372 1300 655 1381 spirituali
692 1299 965 1380 intelligi,
1038 1299 1100 1364 &
1141 1321 1258 1359 non
1300 1299 1371 1357 de
1414 1317 1663 1378 corpore
1708 1297 1814 1357 illo

11 1446 15 1449 ,
72 1380 164 1441 feu
205 1382 432 1462 templo
475 1381 609 1462 Jesu
663 1382 897 1454 Christi,
943 1381 1103 1463 quod
1121 1379 1411 1443 ex'Maria
1445 1380 1671 1460 virgine
1712 1400 1816 1438 na—

74 1479 201 1522 tum
241 1462 369 1534 fuit,
414 1464 478 1522 &
526 1463 585 1523 in
634 1482 754 1546 quo
800 1463 1151 1535 ambulavit,
1219 1461 1367 1522 vixit
1405 1462 1465 1520 &
1501 1462 1700 1540 paffus
1729 1459 1815 1519 est

72 1544 129 1608 in
171 1545 324 1606 terra
365 1546 636 1623 Judaeae3
680 1546 816 1625 quia
863 1546 935 1604 de
983 1545 1098 1605 hoc
1134 1564 1398 1624 corpore,
1445 1543 1516 1601 de
1538 1562 1656 1622 quo
1678 1561 1815 1622 par-

75 1624 316 1705 ticipare
364 1647 468 1684 nos
508 1642 764 1706 oportet,
811 1625 1032 1684 dictum
1081 1625 1184 1697 est,
1229 1625 1388 1707 quod
1445 1624 1476 1685 ἐ
1516 1624 1671 1701 coelo
1713 1624 1815 1687 dee

74 1706 309 1776 stendit,
384 1706 504 1766 imo
552 1708 710 1788 quod
751 1704 848 1768 ille
884 1707 986 1777 est,
1054 1705 1154 1788 qui
1202 1707 1234 1766 ἐ
1295 1706 1453 1766 coelo
1508 1705 1815 1766 descendit.

81 1787 393 1847 Christiani
432 1804 629 1850 autem
679 1789 1068 1848 communiter
1101 1789 1444 1858 concedunt,
1510 1803 1816 1852 externum

77 1869 223 1927 illud
264 1869 478 1929 Christi
514 1890 726 1952 corpus
772 1889 877 1929 nec
925 1870 954 1927 a
1001 1870 1160 1929 coelo
1199 1869 1558 1940 descendisse,
1604 1889 1709 1928 nec
1747 1869 1820 1937 il-

81 1950 199 2009 lam
232 1948 340 2009 effe
381 1951 594 2010 Christi
634 1967 885 2032 partem,
933 1971 1065 2029 quae
1117 1950 1147 2008 ἐ
1190 1952 1344 2009 coelo
1395 1950 1706 2021 descendit,
1753 1950 1817 2008 &c

78 2052 202 2090 rem
250 2048 414 2091 extra
459 2031 914 2092 controversiam
960 2031 1128 2111 ponit
1190 2032 1303 2112 ipse
1363 2031 1644 2103 ChristuS,
1690 2029 1814 2112 qui,

75 2133 209 2180 ,cum
248 2114 500 2172 carnales
541 2113 731 2192 Judaei
752 2113 832 2172 ita
869 2113 1195 2173 existimare
1219 2131 1539 2195 caeperunt,
1585 2113 1815 2185 diserte,

76 2214 192 2253 ver.
244 2196 338 2270 64.
383 2196 659 2267 affirmat,
741 2197 1000 2272 Spiritum
1059 2197 1367 2273 vivificare,
1434 2218 1646 2256 carnem
1709 2217 1819 2256 non

76 2279 350 2357 quicquam
378 2300 380 2311 >
405 2277 653 2356 prodeffie.
744 2277 894 2336 Hoc
950 2277 1125 2357 etiam
1181 2278 1327 2338 sanae
1366 2278 1427 2338 δε
1464 2278 1818 2338 solidiffimae

79 2357 286 2415 rationi
323 2358 548 2428 nititur,
593 2359 726 2437 quia
770 2358 983 2430 anima,
1051 2381 1166 2419 non
1208 2379 1442 2441 corpuS,
1489 2362 1593 2420 hac
1645 2380 1818 2419 carne

78 2439 141 2495 &
175 2438 446 2518 sanguine
483 2439 783 2499 nutrienda
832 2440 931 2499 est.
1018 2439 1275 2501 Externa
1318 2459 1516 2502 autem
1574 2461 1710 2500 Caro
1751 2463 1828 2500 a«

76 2520 305 2582 nimam·
341 2519 560 2579 nutrire
608 2520 1048 2602 haudquaquam
1097 2523 1305 2603 potest,
1351 2523 1492 2583 nihil
1550 2524 1695 2580 inter
1723 2542 1817 2580 eas

51 2601 371 2680 ,anologiae
413 2601 516 2671 est,
562 2603 871 2681 nequetest
927 2604 1256 2664 sano-orum
1300 2626 1435 2663 cum
1476 2605 1606 2662 Deo
1648 2624 1851 2668 com-⁸

0 2689 1 2735 ξ
80 2684 280 2741 munio
322 2681 743 2760 conjunctione,
825 2685 916 2743 scu
959 2686 1159 2745 mutua
1202 2685 1645 2766 participatione
1693 2705 1817 2743 car-

82 2763 187 2833 nis,
232 2764 324 2822 sed
348 2764 637 2843 Spiritum
695 2763 1037 2845 quijuncms
1060 2767 1140 2825 est
1163 2767 1449 2838 DominO,
1522 2786 1665 2826 unus
1686 2766 1815 2844 Spi-

82 2844 222 2903 ritus
264 2845 366 2914 est,
412 2865 531 2903 non
580 2866 693 2905 una
741 2866 897 2906 caro·
983 2848 1138 2906 Caro
1176 2848 1327 2908 enim
1350 2844 1674 2925 (externam
1693 2868 1815 2906 car-

83 2947 217 2984 nem
263 2926 556 3005 intelligO,
602 2927 724 2987 imo
773 2927 976 2999 talem,
1049 2929 1231 3008 qualis
1279 2946 1401 2990 erat
1438 2930 1537 2990 illa
1577 2929 1813 3000 Christi,

35 3013 48 3039 ⁸
79 3006 138 3072 in
188 3008 299 3086 qua
350 3006 498 3068 vixit
531 3010 593 3068 δι’
636 3010 962 3078 ambulavit
999 3009 1054 3068 in
1089 3010 1271 3083 terriS,
1315 3012 1377 3070 &
1418 3032 1535 3072 non
1557 3031 1827 3080 carnem,

82 3091 218 3147 cum
268 3107 373 3169 per
414 3090 820 3168 metaphoram
868 3090 1237 3169 spiritualiter
1292 3092 1672 3172 intelligatur)
1743 3092 1821 3150 de

83 3190 251 3229 carne
295 3171 705 3229 tantummodo
750 3172 1100 3252 participare
1144 3174 1357 3254 potest,
1426 3174 1568 3234 ficut
1608 3174 1667 3232 δε
1703 3173 1816 3252 spi-

87 3251 225 3323 ritus
280 3251 350 3311 de
406 3252 641 3330 Spiritu.
730 3252 889 3315 Sicut
938 3274 1144 3334 corpus
1196 3254 1397 3335 spiritu
1447 3255 1657 3315 nutriri
1699 3275 1818 3312 non

85 3332 294 3424 potest,
360 3332 439 3405 ita
484 3353 588 3407 nec
629 3332 857 3413 spiritus
907 3354 1113 3404 carum
1195 3347 1255 3409 ὃς
1294 3338 1455 3417 quod
1503 3357 1637 3396 caro
1702 3336 1815 3394 hoc

1248 3455 1249 3458 =
1677 3418 1815 3478 loco
