2086 3640
256 94 346 156 De
365 63 689 156 Salutatibn.
719 90 1056 172 Recreatson.
1095 91 1248 174 idque
1261 106 1425 175 genus
1456 95 1596 156 aliis.
1711 97 1842 179 463

96 205 406 285 superflua,
452 219 635 278 neque
671 219 760 271 ea,
827 205 959 276 qu'ae
992 196 1338 258 naturaliter
1377 199 1644 272 tendunt,
1711 206 1839 265 ani-

18 287 20 289 '
99 307 264 347 mum
306 284 385 345 ad
427 280 754 351 libidinem,
792 278 1124 339 'vanitatem
1161 280 1222 338 &
1269 279 1576 340 levitatem
1600 283 1834 358 ducere,

78 368 187 428 uti
219 366 341 447 scil.
388 384 464 425 eo
510 362 627 421 fine
666 361 962 441 praecipue
1009 361 1257 431 inventa,
1303 373 1363 428 εἰ
1391 377 1462 422 ut
1484 362 1834 442 plurimum,

96 449 409 509 secundum
486 443 848 504 manifestam
902 443 1336 522 experientiam,
1411 443 1540 504 illos
1596 445 1838 507 effectus

100 527 500 612 producentia,
542 540 612 585 ut
648 539 788 583 nota
831 524 1043 594 media,
1090 524 1298 602 quibus
1324 525 1431 597 illi,
1478 528 1575 606 qui
1616 527 1671 587 in
1721 528 1842 589 illis

101 612 269 672 malis
289 624 301 646 ³
322 611 473 680 sunt,
537 607 592 665 se
629 604 876 665 invicem
916 605 974 664 in
1009 603 1403 683 iniquitatibus
1455 608 1562 668 suis
1610 609 1837 683 fovent,

96 695 162 754 δε
199 689 485 753 malitiam
528 687 690 747 suam
737 685 801 744 δε
841 685 1160 767 nequitiam
1188 706 1541 769 propagant,
1591 692 1665 750 ad
1687 692 1835 752 alios

98 772 437 834 inficiendos
459 796 482 838 .;
546 771 683 828 cum
721 789 807 827 res
854 768 991 849 aliae*
1025 768 1352 828 innocentes
1407 771 1649 831 inveniri
1705 774 1835 854 pos-

98 856 241 926 sent,
287 855 364 915 ad
409 851 586 914 animi
627 848 1044 910 relaxationem
1089 849 1448 922 sufficienteS,
1524 853 1669 913 sicut
1706 876 1836 913 mu-

97 953 224 998 tuae,
260 936 408 997 inter
447 933 665 995 amicos
697 931 1068 1010 vifitationeS,
1117 931 1581 1006 historiae-lectio,
1629 936 1835 996 sobriae

98 1020 171 1078 de
214 1021 384 1079 rebus
430 1013 736 1097 praeteritis
776 1013 870 1072 vel
925 1014 1296 1094 praesentibus
1341 1015 1831 1090 interlocutioneS,

100 1097 632 1182 perambulationes
673 1099 731 1154 in
787 1095 988 1166 hortiS,
1033 1097 1127 1156 vel
1186 1097 1423 1175 campiS,
1471 1098 1665 1176 ibique
1704 1121 1834 1158 mo·-

104 1183 305 1243 derate
341 1198 551 1260 agrum
595 1197 823 1258 parare,
891 1177 985 1235 vel
1026 1180 1414 1257 geometriam
1445 1179 1727 1259 experiri,
1773 1182 1837 1239 &c

98 1266 211 1326 alia
259 1258 577 1342 ejusmodi·‚
639 1258 698 1318 in
749 1257 954 1339 quibus
1004 1257 1273 1319 omnibus
1314 1279 1430 1319 non
1502 1260 1579 1319 ita
1701 1283 1834 1322 eum

93 1343 365 1407 oblivisci
402 1357 658 1423 oportet,
706 1345 761 1402 in
790 1361 886 1422 quo
930 1341 1000 1402 ΕΞ)
1037 1343 1276 1401 vivimus
1309 1342 1379 1403 &3³
1417 1359 1712 1414 movemur,
1768 1360 1837 1403 ut

100 1449 216 1488 non
252 1426 477 1506 semper
519 1424 831 1484 habeamus
867 1423 1140 1483 secretam
1199 1423 1272 1482 ad
1318 1444 1452 1483 eum
1500 1425 1836 1489 reservatio-

99 1530 255 1580 nem,
300 1505 608 1572 &timoris
631 1503 748 1583 ejus
771 1525 836 1564 ac
863 1505 1180 1583 praesentiae
1201 1503 1442 1574 sensum,
1512 1506 1609 1585 qui
1640 1506 1837 1565 δεῖτε)

101 1607 346 1672 quenter
383 1587 620 1667 exurgit
662 1587 718 1645 in
769 1586 968 1646 mediis
1009 1586 1146 1658 istis,
1198 1586 1470 1647 brevibus
1493 1588 1835 1667 quibusdam

103 1670 606 1753 respirationibus3
651 1670 714 1728 &
759 1685 826 1728 ut
874 1668 986 1731 hoc
1029 1689 1212 1748 neque
1235 1669 1471 1739 mirum,
1517 1690 1700 1749 neque
1731 1688 1838 1731 tae-

100 1755 327 1812 diosum
367 1751 653 1821 videatur,
697 1771 816 1810 uno
864 1751 1139 1831 exemplo
1188 1748 1552 1812 manifestum
1605 1751 1834 1812 faciam.

100 1835 434 1896 Secundum
481 1831 747 1892 omnium
805 1830 1110 1892 hominum
1157 1832 1576 1912 experientiam
1633 1834 1834 1914 negari

100 1939 218 1978 non
260 1914 476 1998 potest,
523 1914 660 1995 quin
708 1930 983 1994 oporteat
1037 1915 1300 1975 homines
1347 1915 1592 1995 diligere
1640 1917 1841 1982 Deum

96 2002 266 2080 super
311 1998 563 2073 omnia3
609 2012 773 2077 patet
810 1996 1006 2068 etiam,
1049 1997 1231 2076 quod,
1277 1997 1378 2078 qui
1434 2018 1635 2057 amore
1684 2000 1841 2079 capti

100 2084 248 2153 sunt,
315 2080 430 2140 five
468 2079 538 2139 fit
587 2077 869 2150 foeminae,
900 2097 904 2107 ²
936 2076 1052 2137 slve
1104 2077 1248 2138 alius
1287 2078 1584 2157 cujussibet
1625 2079 1727 2150 rei,
1794 2079 1839 2140 fi

101 2164 287 2223 modo
350 2177 639 2241 magnum
686 2159 743 2219 in
801 2160 976 2220 corde
1025 2159 1225 2219 locum
1267 2162 1559 2242 acceperit
1618 2173 1676 2227 Sc
1718 2163 1838 2222 ani-

102 2266 270 2305 mum
318 2242 645 2325 poffederit,
717 2240 953 2302 difficile
1013 2243 1124 2302 erit
1187 2243 1413 2303 homini
1471 2243 1550 2302 ita
1592 2245 1837 2316 amanti,

105 2325 567 2406 illius'personae
610 2323 705 2383 vel
749 2323 831 2382 rei
866 2338 1080 2384 amatae
1121 2325 1467 2384 memoriam
1525 2326 1601 2384 ab
1643 2326 1839 2386 animo

101 2419 459 2488 expungere,
506 2405 793 2465 imointer
818 2404 1126 2477 edendum,
1172 2406 1234 2464 δε
1263 2406 1409 2466 inter
1431 2406 1840 2469 dormiendum

106 2490 248 2550 illuc
283 2489 507 2569 semper
541 2484 839 2547 inclinabit
877 2486 1123 2558 animuS,
1166 2487 1228 2545 &
1265 2501 1613 2569 quocunque
1657 2492 1838 2570 nego}
1899 2509 1902 2512 ’

0 2627 1 2635 ,
103 2572 211 2643 ti0,
280 2570 373 2629 vel
434 2569 805 2631 recreatione*
824 2568 1104 2639 versatur,
1126 2603 1138 2642 5
1165 2585 1298 2630 utut
1345 2570 1394 2628 ei
1452 2568 1700 2630 intentus
1743 2571 1837 2643 fit,

14 2679 17 2681 ·
104 2655 283 2715 breve
324 2651 642 2711 admodum
683 2648 910 2710 excidet
956 2649 1228 2732 spatium,
1273 2651 1410 2730 quin
1435 2653 1657 2712 animus
1697 2673 1840 2734 erga

105 2756 229 2795 rem
288 2750 542 2795 amatam
582 2732 1020 2812 ejaculationem
1059 2731 1305 2792 emittat.
1391 2733 1502 2793 Sed
1546 2733 1681 2793 licet
1709 2735 1843 2796 talis

104 2833 334 2877 amator
387 2814 693 2875 necessario
732 2814 986 2874 versetur
1036 2812 1091 2871 in
1128 2813 1211 2884 iis,
1277 2834 1408 2894 quae
1466 2835 1604 2874 cura
1645 2816 1706 2874 &
1749 2818 1837 2875 su!-

103 2897 372 2958 stentatio
413 2895 711 2956 exterioris
748 2895 992 2956 hominis
1034 2895 1294 2976 requirit,
1368 2894 1555 2978 fugiet
1611 2912 1831 2968 tamen,

111 2997 383 3060 tanquam
434 2978 613 3060 ipsam
670 2994 959 3049 mortem,
990 2976 1153 3047 illud,
1201 2978 1476 3058 quicquid
1521 2978 1610 3049 fit,
1677 2979 1839 3058 quod

107 3061 372 3121 offendat
409 3060 556 3119 istud
597 3059 759 3139 quod
805 3076 985 3131 amat,
1032 3058 1269 3119 confilio
1295 3060 1415 3139 scil.
1447 3059 1748 3128 obtinendi
1766 3044 1838 3119 ill

109 3143 234 3215 lud,
281 3142 442 3222 quod
480 3140 783 3223 tantopere
820 3161 892 3201 ex
935 3141 1059 3212 etit,
1104 3142 1165 3201 ὅτ
1197 3142 1331 3202 licet
1352 3141 1525 3211 istius,
1571 3142 1728 3220 quod
1745 3140 1839 3201 fu-

108 3225 218 3305 git,
264 3224 466 3305 aliquis
503 3237 785 3304 appareat
833 3162 977 3293 uriis,
1027 3221 1305 3303 magnum
1353 3239 1546 3284 tamen
1574 3224 1636 3281 &
1683 3243 1838 3302 prae-

110 3307 352 3392 cip'uum
400 3302 719 3387 objectum,
791 3306 950 3394 quod
993 3304 1388 3393 principaliter
1448 3324 1557 3390 pro
1613 3304 1832 3394 qui-tur,

1560 3401 1838 3452 trutinam
