2086 3640
799 115 890 174 De
931 80 1112 174 Culiu.
1683 137 1717 193 3
1729 137 1758 194 3
1770 134 1803 192 5

16 295 17 298 Ἴ
66 219 410 282 methodum
450 218 695 299 Spiritus
734 218 1161 291 interceffioniS,
1227 217 1539 300 gemitibus
1586 218 1813 281 inenar-

64 302 355 361 rabilibus
442 300 769 372 Postremo,
833 299 990 379 quod
1046 301 1202 360 Deus
1261 298 1510 381 gratiose
1560 300 1810 380 accipiat

61 382 348 443 orationes
393 384 621 453 eorum,
685 401 816 461 quae
860 381 947 439 illi
995 380 1025 438 Ξι
1070 381 1285 462 Spiritu
1333 382 1445 440 hoc
1491 380 1673 441 modo
1714 382 1806 441 of-

60 461 345 535 feruntur,
407 463 468 521 &
534 483 662 542 quae
709 461 1013 521 secundum
1064 464 1431 522 voluntatem
1472 459 1592 539 ejus
1657 461 1802 524 sunt.

62 544 239 604 Nunc
278 560 471 604 autem
512 543 665 603 certe
701 541 1022 623 putandum
1059 543 1162 613 est,
1210 544 1362 602 hunc
1401 543 1603 603 orandi
1648 544 1804 603 ordi-

60 644 215 696 nem,
263 627 337 685 ab
368 622 662 704 Apostolo
703 626 814 683 hoc
853 622 987 682 loco
1025 623 1406 694 affirmatum,
1455 644 1571 684 non
1601 623 1801 684 incon—

62 703 351 764 fistentem
399 705 516 765 esse
571 723 704 764 cum
766 702 831 762 iis
879 702 1001 762 aliis
1058 704 1373 784 Scripturae
1443 705 1800 778 testimoniis,

46 785 267 862 quibus
303 785 579 845 orationis
625 785 751 844 usus
792 784 853 842 &
890 782 1149 843 officium
1187 786 1352 845 nobis
1385 787 1802 866 praecipitur&

58 866 410 933 mandatum
456 867 485 925 ἐ
529 865 735 946 quibus
786 863 861 923 fic
892 882 1285 943 argumentor.
1372 867 1430 926 Si
1469 867 1649 926 homo
1678 869 1799 927 nes-

59 946 159 1017 cit,
208 947 510 1027 quomodo
539 952 702 1018 oret,
734 965 915 1025 neque
961 965 1126 1006 orare
1169 947 1356 1027 potest
1396 948 1605 1026 absque
1635 947 1798 1025 adju-

61 1046 261 1088 mento
308 1028 578 1108 SpirituS,
645 1043 781 1087 tunc
829 1026 926 1085 ille
974 1025 1087 1086 sine
1135 1028 1383 1087 utilitate
1433 1029 1642 1107 absque
1693 1029 1798 1090 illo

58 1125 225 1168 orat:
270 1110 381 1168 Sed
400 1112 555 1190 prius
593 1107 674 1167 est
693 1121 936 1166 verum:
983 1107 1148 1188 Ergo
1183 1109 1244 1166 &
1276 1108 1570 1188 posterius,
1646 1110 1795 1168 Ter-

54 1189 159 1260 tio,
222 1191 347 1249 haec
391 1189 635 1269 Spiritus
664 1190 951 1248 neceffitas
990 1188 1063 1247 ad
1090 1210 1290 1248 veram
1329 1189 1649 1248 orationem
1693 1211 1797 1269 pa-

54 1284 160 1339 tet,
229 1270 383 1350 Eph·.·
425 1270 503 1328 vi.
552 1274 644 1330 18.
685 1269 745 1327 &
795 1269 929 1347 Jud.
988 1290 1106 1328 ver.
1166 1290 1258 1330 20.
1324 1272 1426 1330 ubi
1471 1271 1794 1350 Apostolus

42 1344 235 1427 jubet,
281 1372 439 1411 orare
457 1354 597 1411 omni
622 1364 851 1429 tempore
889 1355 943 1411 in
983 1352 1207 1430 Spiritu,
1253 1353 1537 1435 vigilantes
1566 1356 1620 1412 in
1643 1353 1736 1411 illo
1769 1380 1788 1420 ;

51 1432 207 1509 quod
248 1432 412 1512 aeque
452 1433 554 1504 est,
600 1453 668 1492 ac
705 1431 745 1492 fi
794 1432 1038 1504 dixisset,
1104 1433 1264 1513 quod
1312 1435 1474 1493 nullo
1524 1450 1788 1512 tempore

48 1513 336 1572 orandum
387 1513 457 1573 fit
507 1515 718 1592 absque
759 1514 994 1593 Spiritu,
1061 1535 1165 1572 nec
1216 1514 1328 1573 fine
1377 1514 1678 1592 vigilantia
1730 1516 1787 1575 in

50 1591 172 1651 illo.
258 1594 339 1653 Et
375 1595 555 1672 Judas
592 1595 970 1663 demonstrat,
1017 1595 1175 1675 quod
1217 1596 1501 1655 orationes
1525 1596 1578 1654 in
1610 1596 1789 1676 Spiri-

53 1688 116 1731 tu
154 1675 346 1734 sanc‘to
386 1697 470 1734 eae
505 1677 650 1745 sunt,
717 1675 922 1754 quibus
970 1675 1026 1734 in
1068 1676 1402 1735 sanctiffima
1447 1676 1561 1735 fide
1603 1677 1786 1738 aedifi-

51 1775 269 1815 camur.
358 1756 614 1839 Qarto,
642 1756 854 1816 Paulus
874 1756 1197 1835 Apostolus
1225 1758 1426 1818 diserte
1447 1757 1545 1827 ait,
1586 1781 1609 1818 1
1642 1760 1787 1819 Cor.

49 1836 147 1895 xii.
199 1841 452 1898 neminem
490 1838 630 1916 pff
677 1837 845 1896 dicere
884 1838 1170 1898 Dominum
1204 1841 1409 1918 Jefitm‚
1456 1842 1554 1916 nist
1581 1842 1792 1916 Spiritu

33 1921 244 1995 saneim
328 1921 387 1980 Si
424 1919 603 1999 igitur
660 1918 816 1997 Jesus
865 1939 934 1977 ne
981 1920 1076 1979 vel
1119 1918 1420 1981 nominari
1449 1924 1624 2000 poflit
1678 1923 1781 1980 nifi

47 2000 285 2078 SpiritU,
349 2001 539 2060 multo
581 2000 769 2060 minus
817 2000 1244 2080 acceptabiliter
1291 2002 1544 2062 invocari
1593 2005 1782 2082 potest

47 2080 258 2162 absque
300 2081 421 2141 illo.
506 2082 670 2142 Hinc
712 2080 865 2139 idem
893 2082 1211 2162 Apostolus
1254 2085 1510 2155 testatur,
1566 2107 1588 2147 1
1638 2087 1777 2143 Cor.
1811 2080 1825 2092 ⁴

46 2161 164 2222 xiv,
209 2164 348 2245 quod
358 2165 563 2243 Spiritu
584 2162 778 2233 orabit,
826 2162 884 2222 in
909 2163 1137 2224 evidens
1179 2166 1591 2236 testimonium,
1614 2168 1777 2246 quod

45 2244 254 2323 absque
294 2246 401 2310 illo
450 2265 615 2305 orare
645 2265 759 2304 non
802 2243 1041 2304 solebat.
1125 2247 1374 2387 Qinto,
1418 2251 1582 2309 omnis
1609 2253 1779 2307 oratio

47 2327 230 2405 absque
250 2329 452 2405 Spiritu
480 2329 551 2405 est
573 2328 966 2396 abominationi,
1014 2327 1155 2386 tales
1218 2346 1321 2388 unt
1357 2329 1642 2391 orationes
1662 2329 1775 2387 im-

44 2405 302 2487 piorum,
377 2409 553 2468 Prov.
603 2407 798 2467 xxviii.
861 2427 915 2484 9.
960 2406 1019 2466 &
1070 2409 1301 2481 fiducia,
1346 2431 1519 2490 quam
1562 2411 1777 2469 habent

43 2488 217 2548 sanffi
257 2489 331 2548 ad
368 2510 522 2560 eum,
566 2489 667 2549 illa
710 2487 811 2557 est,
857 2487 1009 2567 quia,
1054 2491 1382 2572 quodcunque
1397 2495 1650 2572 petierint
1684 2493 1774 2568 se-

42 2570 268 2630 cundum
293 2571 621 2631 voluntatem
668 2573 795 2652 ejus,
843 2569 990 2628 audit
1018 2592 1115 2643 eos,
1173 2596 1195 2633 1
1245 2574 1380 2652 Joh.
1431 2596 1485 2633 v.
1541 2595 1629 2648 14.
1713 2575 1769 2632 Si

45 2668 240 2710 autem
284 2669 489 2732 petunt
535 2673 651 2711 non
692 2650 998 2711 secundum
1047 2653 1408 2715 voluntatem
1458 2656 1594 2732 ejus,
1657 2674 1772 2715 non

44 2731 261 2792 habent
287 2733 511 2793 causam
542 2733 790 2802 fiduciae,
835 2732 992 2811 quod
1026 2735 1218 2796 audiat
1252 2758 1364 2797 eos.
1410 2738 1460 2797 F
1462 2738 1773 2797 atebuntur

43 2829 238 2872 autem
285 2813 607 2886 adversarii,
654 2834 849 2894 preces
881 2812 992 2871 fine
1031 2814 1243 2895 Spiritu
1285 2838 1400 2877 non
1430 2820 1537 2877 effe
1579 2818 1770 2877 secun-

43 2894 184 2953 dum
225 2894 585 2956 voluntatem
624 2895 777 2960 Dei;
823 2893 921 2973 qui
963 2894 1142 2975 igitur
1164 2898 1275 2958 fine
1299 2900 1399 2963 illo
1420 2915 1606 2971 orant,
1653 2920 1767 2958 non

42 2976 258 3036 habent
293 2977 515 3036 causam
545 2974 965 3057 responsionem
987 2979 1358 3056 expectandi:
1392 2979 1595 3058 jubere
1616 2980 1768 3040 enim

23 3056 294 3137 ‘aliquem
332 3077 496 3117 orare
541 3059 750 3139 absque
794 3055 1034 3135 Spiritu,
1101 3060 1253 3122 idem
1303 3063 1401 3134 est,
1469 3083 1534 3123 ac
1564 3062 1770 3142 jubere

43 3138 294 3218 aliquem
322 3138 515 3200 videre
547 3139 659 3201 fine
688 3138 889 3207 oculis,
934 3143 1159 3216 operari
1200 3142 1312 3203 fine
1342 3144 1620 3215 manibUS,
1670 3144 1765 3202 vel

43 3220 343 3280 ambulare
384 3221 590 3301 absque
627 3221 884 3302 pedibus.
971 3219 1051 3281 Et
1080 3224 1177 3303 qui
1219 3242 1387 3306 urget
1415 3227 1663 3306 aliquem
1692 3225 1768 3283 ad

43 3301 327 3368 orandum
354 3301 626 3384 incipere,
673 3298 1006 3387 priusquam
1037 3305 1276 3385 Spiritus
1320 3307 1619 3368 secundum
1660 3306 1765 3364 ali·

1587 3408 1762 3467 quam
