2086 3640
756 106 850 170 De
889 107 1179 188 Baptifmos
1750 136 1784 194 3
1793 134 1829 194 5
1842 138 1876 183 1

89 246 92 250 ¹
129 217 611 300 baptizabantur,
646 214 762 298 Ego
782 214 989 296 quidem
1011 216 1227 294 baptizo
1243 234 1359 287 vos,
1393 217 1609 297 ----ipst’
1626 238 1723 279 vos
1743 223 1878 303 bap-

66 334 71 337 ·
122 302 323 366 tizabit
343 301 457 361 &a
543 297 724 361 Licet
771 313 1042 378 tempore
1075 297 1344 379 praesenti
1389 298 1676 393 baptizati
1704 304 1884 366 effent

128 384 422 466 baptismo
461 401 650 463 aquae,
724 378 916 439 adhuc
955 399 1074 440 non
1121 395 1307 452 erant,
1371 379 1468 440 sed
1505 382 1883 447 solummodo

127 463 469 548 baptizandi
515 476 681 523 erant
724 461 1016 541 baptismo
1053 461 1308 522 Christi:
1366 483 1439 522 ex
1483 464 1693 546 quibus
1749 489 1884 528 om-

128 549 297 610 nibus
341 546 418 607 fic
458 558 877 626 argumentor:
942 543 1000 603 Si
1042 543 1141 624 qui
1191 544 1481 625 baptizati
1528 563 1695 608 erant
1735 550 1886 632 bap-

129 633 305 692 tismo
332 649 522 710 aquae,
566 646 684 687 non
711 624 842 685 ideo
864 624 1153 706 baptizati
1181 643 1346 689 erant
1375 629 1669 709 baptismo
1710 632 1887 692 Chri-

133 713 224 784 sti,
270 728 409 772 tunc
452 709 769 790 baptismus
799 727 966 787 aquae
1006 727 1125 768 non
1155 708 1237 767 est
1268 710 1587 789 baptismus
1618 712 1835 774 Christi
1857 740 1883 782 ·,

134 793 247 854 Sed
290 793 450 876 prius
471 793 553 852 est
578 808 822 851 verum:
867 788 1056 870 Ergo.
1142 788 1226 850 Et
1259 794 1492 860 rursus;
1536 794 1593 854 Si
1626 795 1725 876 qui
1751 799 1891 856 vere

76 891 78 893 ’
132 876 197 936 &
240 875 471 936 realiter
510 871 990 934 administrabant
1025 873 1385 953 baptismum
1435 897 1624 955 aquae,
1674 876 1889 938 nihilo-

136 957 329 1019 minus
377 955 772 1024 declarabant,
816 953 980 1034 quod
1017 975 1122 1026 nec
1158 955 1562 1036 baptizabant,
1608 980 1716 1018 nec
1746 961 1891 1042 bap-

133 1039 321 1101 tizare
362 1053 636 1118 poterant
671 1035 962 1117 baptismo
993 1035 1230 1107 Christi,
1277 1054 1417 1098 tunc
1468 1041 1788 1120 baptismus
1829 1064 1895 1103 a·

135 1143 271 1202 quae
292 1119 531 1182 minime
552 1118 635 1178 est
655 1117 972 1198 baptismus
1002 1118 1242 1179 Christi:
1309 1119 1517 1200 Atqui,
1563 1123 1675 1182 &c.
1701 1122 1892 1203 ErgO.

140 1203 225 1264 Et
264 1201 490 1273 revera,
535 1200 579 1260 fi
618 1221 736 1261 non
786 1201 899 1260 hoc
941 1202 1124 1262 modo
1162 1201 1542 1281 intelligimus
1561 1206 1744 1264 verba
1786 1209 1896 1285 Joa

139 1284 362 1356 hanniS,
411 1280 551 1346 boni
586 1281 771 1343 sensus
816 1282 1007 1344 inania
1054 1283 1288 1352 forent;
1335 1283 1375 1343 fi
1422 1285 1578 1344 enim
1599 1285 1775 1346 iidem
1803 1287 1896 1348 fu·

63 1396 66 1399 r
138 1365 301 1427 iffent
342 1368 417 1426 ba
465 1365 869 1439 tismieorum,
910 1385 1014 1426 cur
1047 1366 1194 1427 adeo
1237 1365 1477 1448 praecise
1523 1388 1623 1427 eos
1666 1387 1898 1430 contra-

138 1448 372 1510 distinxi
419 1462 499 1520 et,
547 1448 610 1507 ὅτ
649 1468 830 1529 quare
870 1447 1119 1520 dixisset,
1186 1470 1304 1520 e03,
1350 1469 1496 1529 quos
1523 1447 1650 1529 jam
1703 1452 1900 1532 bapti-

141 1546 404 1603 zaverat,
463 1529 655 1591 adhuc
712 1529 1100 1612 baptizandos
1149 1531 1310 1591 fuiffe
1365 1531 1485 1590 alio
1549 1533 1893 1611 baptismo?

142 1611 202 1671 Si
234 1625 512 1694 urgeatur,
586 1611 946 1692 baptismum
982 1633 1151 1692 aquae
1191 1633 1370 1672 unam
1422 1629 1653 1692 partem
1711 1613 1894 1688 fuiffe,

146 1693 396 1773 Spiritus
440 1709 636 1754 autern
675 1693 1032 1773 baptismum
1061 1693 1311 1754 alteram
1338 1710 1593 1774 partem,
1643 1696 1758 1757 five
1777 1699 1899 1779 pri-

146 1775 264 1835 oris
331 1771 653 1836 effeEtum:
704 1776 866 1854 Resp:
910 1776 1069 1836 Haec
1123 1775 1412 1857 expolitio
1471 1777 1656 1858 planis
1706 1781 1904 1841 textus

106 1879 108 1882 ’
147 1858 340 1918 verbis
394 1856 761 1931 contradicit,
806 1878 925 1918 non
972 1857 1128 1917 enim
1172 1858 1274 1930 ait,
1320 1858 1460 1939 Ego
1510 1859 1754 1939 baptizo
1794 1882 1904 1921 vos

148 1940 320 2020 aqua,
366 1940 431 1999 ὅτ
467 1938 568 2019 qui
587 1957 865 2000 venturus
893 1939 976 1998 est
1004 1938 1136 2020 post
1158 1960 1276 2011 me,
1324 1940 1611 2020 producet
1638 1941 1695 1999 in
1724 1944 1903 2004 vobis

148 2020 319 2100 hujus
362 2021 631 2101 baptismi
673 2019 933 2091 fruftum
975 2036 1077 2081 aut
1116 2021 1411 2094 effefium,
1486 2022 1581 2082 vel
1633 2025 1903 2103 perficiet

150 2104 305 2165 hunc
367 2102 723 2183 baptismum
779 2102 839 2163 in
883 2104 1074 2174 vobiS,
1147 2103 1243 2163 sed
1290 2105 1594 2183 baptizabit
1642 2127 1756 2166 vos:
1839 2107 1903 2169 Si

150 2184 330 2266 igitur
377 2187 627 2247 verbum
663 2187 879 2264 baptizo
905 2185 1040 2245 vere
1069 2185 1131 2244 &
1174 2187 1413 2266 proprie
1453 2187 1903 2268 intelligendum

148 2268 240 2338 fit,
284 2266 522 2348 quando
565 2266 666 2338 ait,
710 2289 797 2349 ego
834 2288 930 2327 vos
971 2267 1206 2345 baptizO,
1259 2269 1380 2348 scil.
1425 2269 1588 2349 quod
1633 2270 1715 2330 ibi
1762 2272 1903 2335 vert}

149 2351 213 2410 ὅτ
271 2349 500 2408 realiter
541 2348 831 2428 fignificat
864 2348 1035 2408 illum
1074 2370 1172 2409 eos
1220 2350 1367 2431 aqua
1426 2350 1762 2431 baptizasse,
1836 2375 1903 2413 o·

153 2446 353 2512 portet
393 2451 516 2500 nOS,
561 2430 666 2489 nifi
702 2433 828 2490 vim
871 2430 1063 2490 verbis
1101 2431 1432 2504 afferamUS,
1495 2434 1739 2494 alteram
1780 2437 1903 2495 sen-

154 2512 355 2578 tentiae
395 2529 624 2592 partem
666 2511 875 2572 eodem
912 2511 1105 2573 modo.
1149 2512 1495 2594 intelligere,
1542 2518 1678 2574 cum
1709 2516 1906 2579 statim

156 2595 357 2667 addat,
386 2593 488 2673 sed
526 2593 623 2654 ille
657 2593 959 2672 baptizabit
988 2615 1106 2665 vos,
1174 2596 1299 2673 scil.
1362 2596 1522 2675 quod
1561 2596 1792 2656 realiter
1838 2599 1904 2657 δε

155 2677 295 2736 vere
353 2675 693 2756 baptizandi
731 2691 898 2736 erant
936 2674 1054 2735 alio
1105 2676 1415 2756 baptismO,
1489 2698 1609 2757 quo
1649 2699 1746 2738 eos
1786 2679 1905 2760 ipse

158 2754 452 2835 Johannes
498 2777 618 2816 non
667 2757 1010 2838 baptizavit.
1094 2755 1286 2836 Igitur
1331 2757 1568 2819 minime
1605 2760 1762 2820 bono
1783 2763 1903 2822 sen-

158 2841 241 2901 iui
280 2839 470 2901 fuiffet
512 2838 640 2898 haec
659 2837 1154 2899 contradistinctio
1172 2840 1560 2901 consentanea.
1646 2844 1902 2906 Secunda.

161 2924 309 2984 Hoc
350 2919 540 2979 adhuc
579 2919 766 3000 magis
820 2921 1208 2980 confirmatur
1247 2920 1420 3001 ipsius
1465 2922 1677 2983 Christi
1725 2925 1902 2987 disto.

165 3006 306 3065 Aa.
339 3003 374 3061 i.
406 3023 469 3077 4,
496 3019 552 3077 5.
615 3003 721 3061 Sed
754 3008 1021 3079 expefflate
1057 3004 1438 3081 promiffionem
1485 3006 1699 3077 Patris,
1744 3028 1905 3087 quam

163 3086 384 3162 audistis
422 3100 528 3161 per
565 3104 618 3143 os
653 3104 842 3153 meum,
908 3086 1036 3163 quia
1081 3086 1357 3162 Jobannes
1394 3087 1597 3165 quidem
1653 3090 1905 3166 baptiza-

163 3172 251 3229 vit
292 3167 462 3248 aqud,
522 3184 618 3226 vos
657 3179 832 3226 autem
896 3166 1306 3242 baptizabimini
1340 3169 1546 3244 Spiritu
1577 3172 1765 3248 santio
1801 3193 1904 3232 non

60 3299 62 3301 >
157 3253 276 3331 post
324 3247 515 3310 multos
553 3248 645 3308 hos
693 3247 815 3307 dies.
900 3247 1021 3307 Vix
1062 3248 1182 3308 duo
1208 3248 1523 3330 Scripturae
1579 3252 1905 3314 testimonia

166 3332 354 3414 magis
381 3327 686 3411 adaequate¹
721 3329 785 3391 δε
831 3328 1091 3393 fimiliter
1127 3330 1353 3404 sonant,
1399 3351 1575 3412 quam
1619 3333 1727 3396 hoc
1768 3355 1902 3424 cum

1702 3435 1903 3496 priori,
