2086 3640
202 85 293 145 De
317 83 615 163 universali
634 84 703 146 ἐξ
715 83 998 162 fhlutifero
1027 80 1223 142 lumine
1248 81 1378 161 Jcfic
1408 78 1621 159 Christi.
1701 99 1767 139 12
1776 101 1812 159 9

92 187 276 270 Ergo,
383 189 715 271 PropOfitio
755 189 954 268 negari
1003 208 1118 246 non
1169 188 1373 265 potest.
1481 187 1818 265 Affumptio

89 269 219 329 sunt
259 271 377 351 ipsa
428 271 638 331 Christi
677 270 875 338 verba,
924 269 1131 345 Johan.
1177 267 1273 326 xii.
1324 269 1417 344 36.
1462 268 1610 327 Dum
1653 266 1818 326 lucem

41 348 44 350 ’
89 350 305 422 habetis,
353 352 543 412 credite
577 354 632 410 in
669 350 852 418 lucem,
899 362 958 406 ut
984 349 1102 422 filii
1130 348 1260 408 lucis
1287 351 1425 424 fitis.
1511 350 1651 408 Hoc
1682 348 1816 408 loco

20 434 23 437 ⁴
89 433 461 503 contendunt,
527 450 631 510 per
695 429 884 488 lucem
943 428 1188 507 intelligi
1256 446 1552 489 externam
1592 430 1816 490 Christi

3 571 11 572 ff
89 513 412 590 personam,
458 512 515 569 in
555 530 728 590 quam
769 509 1009 568 volebat
1049 508 1178 567 illos
1222 511 1466 569 credere.
1536 510 1691 588 quod
1716 512 1819 570 dec-

90 593 304 652 bebant
350 592 579 651 credere
613 590 670 648 in
709 589 1023 659 Christum,
1070 589 1105 646 i.
1136 609 1183 647 e.
1230 591 1385 668 quod
1425 590 1534 650 fuit
1556 593 1815 664 MesfiaS,

87 691 204 731 non
252 688 539 752 negatum
582 669 677 731 sed
709 670 1008 762 quomodo
1066 672 1339 747 probent,
1405 671 1552 730 illud
1594 673 1704 731 hoc
1726 672 1817 732 lo-

63 771 160 810 ·co
196 752 459 833 praecipi,
522 772 638 811 non
685 751 893 811 vldeo:
955 771 1091 809 nam
1133 766 1322 810 textus
1378 752 1493 831 ipse
1539 755 1816 813 contrari-

84 852 187 891 um
236 833 594 912 demonstrat
640 832 750 892 illis
792 832 1003 903 verbiS‚
1078 831 1199 891 dum
1244 832 1405 891 lucem
1462 835 1680 904 habetis,
1753 834 1817 893 &

85 914 444 993 praecedente
491 913 675 986 versu3
750 912 1018 974 ambulate
1063 913 1183 973 dum
1242 913 1404 972 lucem
1449 916 1669 986 habetis,
1757 928 1817 975 ut

85 1016 189 1054 non
223 996 663 1074 comprehendcint
702 1017 798 1055 vos
847 996 1085 1056 tenebrae.
1133 994 1361 1071 Quibus
1392 995 1581 1056 verbis
1619 996 1819 1074 aperte

83 1075 343 1148 infertur,
388 1077 547 1158 quod
587 1077 808 1136 remota
857 1076 956 1136 illa
1007 1077 1155 1146 luce,
1203 1075 1258 1134 in
1316 1096 1491 1154 quam
1527 1076 1818 1136 debebant

84 1158 332 1229 credere,
378 1174 513 1218 tunc
561 1174 787 1238 tempus
830 1156 1102 1216 credendi
1144 1156 1496 1216 amitterent.
1542 1157 1685 1216 Hoc
1716 1178 1816 1215 au-

86 1253 205 1297 tem
245 1239 488 1317 intelligi
527 1260 643 1299 non
689 1238 883 1318 potuit
921 1238 991 1297 de
1036 1237 1272 1317 persona
1324 1237 1565 1295 Christi:
1611 1253 1818 1317 potue-

84 1335 220 1380 runt
266 1320 454 1398 Judaei
502 1319 750 1389 credere,
795 1319 857 1377 &
894 1319 1066 1378 multi
1119 1318 1193 1378 ad
1238 1317 1476 1379 salutem
1524 1319 1818 1378 credidere

81 1398 141 1458 in
198 1399 383 1471 illum,
432 1400 575 1461 ficut
623 1400 792 1460 hodie
837 1421 1037 1460 omnes
1076 1400 1199 1458 veri
1237 1399 1566 1471 Christiani,
1611 1420 1817 1480 quam-

81 1479 167 1539 vis
215 1483 455 1562 persona
491 1480 605 1560 ejus
651 1481 825 1562 longe
876 1497 1258 1540 removeatur.
1343 1480 1600 1559 Oportet
1638 1482 1817 1560 igitur

83 1559 273 1622 lucem
321 1564 490 1635 hane,
536 1565 592 1622 in
634 1583 808 1643 quam
827 1561 959 1642 jussi
998 1563 1125 1621 sunt
1157 1561 1404 1629 credere,
1450 1562 1819 1621 internam&

82 1641 437 1720 spiritualem
488 1644 680 1704 lucem
749 1645 874 1714 effe,
936 1664 1067 1723 quae
1132 1642 1188 1700 in
1235 1642 1497 1700 omnium
1548 1643 1818 1704 cordibus

86 1720 288 1784 illucet
343 1745 454 1805 pro
503 1741 784 1804 tempore,
859 1724 978 1782 imo
1038 1722 1276 1781 durante
1325 1723 1414 1781 die
1458 1722 1818 1801 singulorum

85 1803 441 1876 vifitationiS,
534 1826 665 1885 quae
706 1805 846 1864 dum
890 1800 1188 1863 continuat
1241 1823 1471 1874 Vocare,
1549 1805 1818 1864 dicuntur

88 1884 347 1945 homines
395 1886 625 1946 invitari
671 1885 732 1944 &
777 1885 1096 1954 admoneri,
1163 1905 1403 1963 eamque
1462 1886 1690 1955 habere,
1756 1886 1818 1945 δε

87 1965 144 2025 in
183 1987 311 2026 eam
368 1967 598 2026 credere
639 1967 814 2046 posse.
899 1965 1011 2024 Sed
1057 1965 1285 2044 quando
1308 1967 1516 2024 nolunt
1556 1966 1816 2026 homines

86 2046 143 2106 in
200 2067 330 2106 eam
373 2048 623 2117 credere,
700 2047 761 2105 &
795 2045 1074 2125 rejiciunt,
1159 2062 1294 2104 tunc
1343 2046 1544 2105 definit
1590 2047 1690 2106 lux
1740 2048 1819 2107 eis

87 2127 188 2190 lux
231 2129 338 2188 effe
388 2127 462 2188 ad
515 2127 774 2200 salutem,
840 2128 933 2186 sed
956 2127 1227 2205 relinquit
1263 2126 1675 2188 incredulitatis
1698 2129 1818 2188 sen-

84 2210 210 2269 sum
247 2209 303 2268 in
331 2208 701 2280 conscientiis,
747 2207 904 2288 quasi
943 2206 1261 2277 stimulum,
1322 2209 1418 2288 qui
1456 2207 1568 2267 illis
1625 2209 1704 2268 est
1747 2208 1818 2267 si-

85 2306 185 2350 cut
233 2290 464 2362 horror,
507 2290 569 2348 ὅτ
617 2293 890 2362 tenebrae,
937 2288 992 2347 in
1029 2288 1234 2368 quibus
1257 2291 1372 2368 quo
1412 2290 1492 2348 ire
1541 2290 1815 2361 nesciunt,

86 2391 191 2431 nec
234 2370 450 2451 aliquid
475 2369 696 2432 utiliter
724 2372 796 2431 ad
824 2371 1065 2431 salutem
1089 2372 1313 2448 operari
1350 2373 1615 2450 poffunt:
1661 2372 1818 2429 ideo-

128 2473 199 2512 ue
246 2452 455 2514 talibus
493 2452 904 2514 rebellantibus
941 2450 1046 2510 dies
1092 2452 1315 2510 Domini
1351 2453 1575 2511 tenebrae
1619 2453 1686 2513 &
1717 2473 1818 2511 non

115 2555 194 2593 ux.
242 2535 330 2610 est.
408 2535 606 2594 -Amos
646 2553 706 2594 v.
763 2539 854 2594 18.
1770 2552 1773 2554 “

171 2613 276 2673 Ex
319 2614 401 2674 his
437 2630 701 2695 apparet,
745 2614 927 2695 quod,
974 2613 1110 2673 licet
1158 2613 1322 2673 multi
1382 2634 1496 2672 non
1544 2612 1821 2693 recipiant

91 2693 302 2765 lucem,
373 2695 437 2755 &
475 2698 727 2756 tenebrae
784 2715 901 2754 non
954 2693 1444 2772 comprehendant
1482 2693 1666 2765 illam,
1734 2710 1823 2753 ta-

92 2794 227 2834 men
275 2775 331 2838 in
379 2776 643 2836 omnibus
692 2777 816 2835 haec
879 2775 979 2834 lux
1035 2773 1318 2833 salutifera
1362 2774 1545 2845 lucet„
1600 2792 1668 2834 ut
1707 2775 1820 2834 ser-

92 2870 191 2913 vet
226 2854 376 2914 illos,
459 2856 551 2918 De
595 2856 706 2936 qua
742 2855 922 2920 vetiam
967 2854 1224 2934 Cyrillus
1263 2854 1686 2914 Alexandrinus
1732 2854 1821 2913 su.

95 2955 205 3015 per
252 2936 462 3014 Johan.
487 2936 586 2996 lib.
628 2958 678 2996 1.
726 2950 850 3016 cap.
884 2935 959 2994 ix.
1005 2934 1225 3014 optime
1267 2935 1408 3013 agit,
1455 2936 1821 3015 nostramque

92 3015 430 3078 sententiam
481 3034 834 3098 propugnat.
918 3015 1055 3075 Cum
1091 3018 1284 3095 magud
1323 3017 1597 3096 diligantid
1641 3017 1708 3077 ὅ
1731 3019 1818 3075 vi-

81 3096 323 3179 gilantia*
361 3095 594 3179 (inquit)
635 3097 850 3158 laborat
890 3097 1468 3175 (1cilicetJohannes)
1513 3100 1813 3175 'anticipare

92 3179 166 3240 ὅ
194 3181 503 3257 praevenire
542 3199 719 3238 vanas
761 3178 1024 3237 hominum
1070 3181 1394 3257 cogitationes
1415 3199 1433 3235 :
1499 3198 1625 3236 nam
1680 3182 1824 3237 mira

0 3336 2 3354 Ι
97 3257 206 3320 haec
217 3257 525 3339 sublimium
547 3280 732 3322 rerum
749 3258 1011 3398 metholcgus
1039 3259 1131 3336 est,
1164 3257 1233 3319 ἔθ’
1254 3259 1586 3339 οἱῄεέῖἑοηιινη
1607 3261 1818 3336 everfio.

1270 3383 1273 3385 .
1590 3357 1600 3394 f
1702 3361 1825 3420 jam
