2086 3640
266 117 343 174 32
536 91 1704 159 T'HESISSECUNDA.

261 202 444 280 necff’
496 202 717 272 habetis,
788 211 848 259 ut
883 197 1074 277 aliquis
1115 217 1208 256 vos
1250 198 1444 268 doceat,
1501 198 1603 273 sed
1625 200 1769 273 sicut
1811 206 1983 262 unitio

260 286 368 363 ejus
414 282 554 340 docet
594 303 687 339 vos
723 279 786 339 de
837 280 1091 350 omnibus,
1164 279 1234 340 ὅ
1269 299 1457 338 verum
1500 280 1590 354 est,
1653 279 1722 339 &³
1758 301 1859 341 non
1911 285 1982 359 est

256 363 603 430 mendacium,
650 361 720 421 ἐς)
759 362 903 438 ficut
955 361 1125 420 docuit
1158 381 1271 430 vos,
1319 373 1521 419 manete
1548 363 1602 417 in
1639 381 1710 418 eo.
1756 358 1978 433 Primo,

259 463 375 502 non
405 442 595 521 potuit
644 441 760 499 hoc
797 442 904 500 effe
933 440 1167 521 aliquod
1193 441 1496 521 peculiare,
1543 440 1635 499 seu
1664 442 1980 500 extraordi-

257 526 482 582 narium
530 521 920 601 privilegium,
964 522 1059 581 sed
1104 522 1260 602 quod
1306 524 1612 581 commune
1655 521 1737 579 est
1788 522 1980 581 omni-

259 603 364 661 bus
400 601 637 671 SanctiS,
681 623 863 681 quum
900 603 1024 663 haec
1073 602 1142 662 s1t
1171 600 1432 682 Epistola
1463 601 1762 661 Catholica
1791 602 1981 662 omni-

256 684 362 741 bus
404 682 521 760 ejus
581 683 750 742 seculi
795 683 1020 764 scripta.
1105 682 1388 752 Secundo,
1461 682 1781 762 Apostolus
1835 682 1982 742 hanc

254 766 546 823 unitionem
588 764 871 856 proponit
912 781 1187 844 tanquam
1236 763 1544 823 certiorem
1591 763 1874 842 regulam,
1917 764 1980 823 &
2031 767 2036 771 ’

251 846 539 916 amuffim,
586 845 661 904 ad
701 846 1067 906 1nveniendos
1109 846 1172 904 ὅτ.
1207 842 1601 903 discernendos
1632 843 1975 916 seductoreS,

251 945 429 1003 quam
478 925 683 1006 scripta
710 926 871 1004 ejus:
936 944 1071 985 nam
1122 947 1253 986 curn
1285 924 1342 983 in
1382 923 1575 1006 priore
1617 924 1779 983 versu
1816 923 1976 984 dixe-

252 1005 345 1076 rit,
385 1007 546 1086 quod
578 1007 846 1086 quaedam
876 1007 1171 1086 scripserat
1198 1007 1275 1065 eis
1314 1005 1387 1064 de
1413 1004 1543 1076 illis,
1587 1002 1683 1085 qui
1721 1005 1976 1084 seducunt

249 1107 367 1158 eOS,
411 1080 735 1168 sequentem
785 1090 1012 1147 versum
1059 1086 1274 1167 incipit,
1322 1087 1391 1148 ὅ
1431 1107 1525 1146 vos
1561 1089 1850 1146 unbi‘ionem
1887 1108 1975 1146 ac-

249 1170 468 1246 cepistis,
518 1169 586 1230 δ’
616 1191 716 1229 non
744 1170 927 1248 neceffi’
953 1170 1172 1240 hahetis,
1205 1182 1264 1229 ut
1291 1168 1484 1248 aliquis
1510 1189 1606 1237 vos
1635 1166 1830 1239 doceat,
1857 1169 1971 1229 &a

246 1269 319 1310 ex
363 1270 478 1328 quo
526 1250 725 1329 aperte
774 1250 1090 1330 colligitur,
1163 1250 1321 1329 quod
1370 1251 1586 1320 omnia,
1658 1269 1787 1339 quae
1835 1249 1971 1322 dici,

246 1346 348 1389 aut
373 1331 541 1390 scribi
578 1331 827 1410 possunt,
873 1332 1026 1391 dicta
1073 1332 1133 1390 &
1166 1331 1370 1411 scripta
1414 1331 1541 1390 sunt
1585 1329 1659 1389 ad
1686 1346 1970 1391 lnternam
2080 1383 2086 1403 ¹,

243 1411 594 1482 unctionem,
640 1433 768 1491 quae
797 1412 968 1471 docet
995 1412 1210 1484 omnia,
1257 1412 1548 1491 adquam,
1595 1427 1868 1491 tanquam
1897 1411 1972 1471 ad
2070 1406 2086 1467 ,ἐ

243 1491 639 1564 certiffimum,
683 1509 1054 1573 perpetuum,
1114 1494 1174 1551 δε
1208 1493 1598 1552 firmiffimum
1638 1512 1972 1573 propugna·
2072 1490 2086 1557 ‘i

243 1571 460 1643 culum,
506 1593 612 1633 nec
659 1594 779 1632 non
823 1573 1088 1635 adversus
1130 1573 1456 1634 seductores
1486 1571 1835 1653 praesidium,
1882 1593 1972 1633 re·
2071 1575 2086 1653 i

238 1651 581 1732 fugiendum
632 1654 728 1712 est.
817 1654 1142 1724 Postremo,
1203 1655 1364 1735 quod
1405 1653 1475 1713 s1t
1502 1674 1864 1734 permanenS,
1907 1654 1971 1714 δε
2078 1683 2079 1686 “

239 1733 297 1790 in
344 1734 688 1815 perpetuum
718 1748 931 1796 maneat
962 1738 1016 1795 in
1043 1737 1191 1797 vobis
1224 1761 1241 1801 ;
1287 1734 1328 1793 fi
1373 1755 1490 1794 non
1522 1750 1886 1814 permaneret
1913 1735 1971 1795 in

237 1814 370 1886 illis,
442 1816 658 1875 docere
699 1816 826 1876 illos
870 1816 1065 1877 omnia
1109 1837 1225 1876 non
1275 1815 1488 1896 potuit,
1552 1835 1658 1876 nec
1705 1815 2007 1876 adversus'
2056 1856 2058 1858 -

237 1894 432 1954 omnia
459 1897 711 1976 pericula
755 1897 995 1957 munire.
1083 1897 1177 1957 Ex
1204 1896 1418 1978 scriptis
1461 1896 1537 1956 fic
1569 1913 1965 1978 argumentor.
2073 1909 2077 1919 ⁴

238 1975 357 2056 Qi
401 1978 558 2039 habet
605 1982 894 2039 unitionem
938 1981 993 2038 in
1020 1980 1082 2058 se
1119 1980 1429 2050 manentem,
1493 1999 1611 2059 quae
1647 1978 1786 2039 docet
1811 1978 1968 2040 illum

234 2050 431 2129 omnia,
479 2063 557 2119 ita
600 2073 661 2120 ut
697 2082 799 2120 non
827 2059 1010 2139 neceffi·
1035 2061 1251 2131 habeat,
1296 2074 1357 2120 ut
1391 2060 1585 2140 aliquis
1612 2080 1728 2120 eum
1763 2059 1962 2133 doceat,
2082 2119 2083 2122 ,

235 2140 394 2209 habet
440 2141 722 2212 internum,
785 2142 855 2203 {9³
906 2143 1263 2202 immediatum
1306 2141 1580 2210 donarem,
1627 2141 1698 2202 ζῇ)
1726 2142 1967 2221 quaedam
2051 2165 2054 2171 ⁴

235 2219 323 2279 illi
377 2222 620 2281 revelata
658 2226 808 2300 sunt,
871 2223 940 2284 &
991 2225 1211 2293 interne,
1279 2223 1348 2285 δᾶ
1377 2222 1691 2294 immediate,
1758 2223 1828 2285 δᾶ
1875 2224 1965 2285 ob·
2048 2222 2049 2226 ’

218 2303 421 2383 jettive
454 2327 471 2369 ;
516 2304 621 2362 Sed
643 2306 828 2363 Santti
864 2304 1028 2367 talem
1071 2307 1358 2366 unitionem
1401 2305 1594 2365 habent
1611 2324 1634 2363 .·
1674 2304 1837 2386 Ergo.

174 2382 180 2388 ’
318 2385 387 2442 Η
408 2403 446 2440 Α
472 2405 511 2443 N
535 2405 567 2442 c
614 2385 939 2445 doctrinam
967 2408 1037 2446 ex
1088 2385 1283 2446 multis
1323 2385 1441 2446 aliis
1470 2384 1781 2465 Scripturae
1823 2384 1963 2448 locis

234 2467 485 2545 probare
534 2466 776 2545 possem,
850 2487 980 2546 quae
1026 2467 1317 2528 brevitatis
1363 2466 1525 2527 causa
1557 2465 1790 2527 omitto.
1876 2467 1960 2530 Et

232 2564 383 2605 nunc
428 2545 503 2606 ad
551 2546 793 2606 alteram
823 2547 1234 2627 propofitionis
1277 2563 1504 2628 partem
1557 2547 1905 2627 progredior
1937 2573 1958 2616 ;

229 2646 361 2704 quae
407 2647 741 2686 communes
785 2627 1134 2707 objectiones
1182 2627 1458 2701 continet,
1523 2626 1598 2688 ad
1640 2649 1781 2710 quas
1807 2649 1960 2689 nunc
2055 2638 2062 2697 j

231 2709 608 2786 respondebO.
2023 2710 2059 2785 ᾗ(

314 2789 480 2868 XIII.
527 2791 670 2864 ΟΒ]
697 2811 924 2851 Ec‘r10
968 2790 1412 2872 frequentissima
1456 2790 1584 2852 hinc
1627 2790 1954 2866 deducitur,

229 2870 368 2949 qnod
390 2871 472 2929 hee
498 2871 840 2931 revelationes
871 2874 1080 2933 incertoe
1104 2875 1236 2951 fint.
1321 2871 1432 2933 Sed
1480 2873 1592 2933 hoc
1640 2872 1955 2934 adversari·
2024 2872 2040 2947 >f
2071 2878 2075 2884 ’

230 2971 401 3010 orum
432 2954 784 3032 ignorantiam
811 2953 1039 3013 abunde
1068 2953 1341 3025 declarat,
1387 2974 1523 3013 nam
1551 2953 1952 3033 distinguimus
1986 3011 1989 3013 .

232 3031 378 3090 inter
426 3035 607 3110 thessn,
655 3033 723 3093 ὅς’
769 3034 1061 3114 hypothesin
1090 3057 1110 3092 .·
1171 3034 1326 3094 aliud
1354 3034 1507 3095 enim
1555 3035 1637 3095 est
1663 3035 1952 3096 affirmare
2015 3032 2044 3166 ξ

229 3132 410 3183 veras,
458 3116 525 3175 [9³
572 3114 894 3175 indubitatas
921 3115 1266 3176 revelationes
1296 3117 1405 3177 Dei
1447 3112 1693 3195 Spiritt‘t's'
1717 3114 1813 3194 effi:
1837 3136 1949 3174 cer·
2019 3133 2037 3173 ς

229 3205 313 3250 tas
360 3195 426 3253 ἐξ
474 3195 821 3270 infallibilem
881 3196 1039 3256 aliud
1084 3197 1335 3276 prorsus,
1395 3197 1532 3277 quod
1568 3197 1674 3266 hic,
1732 3195 1827 3254 vel
1855 3196 1949 3257 ille
2019 3200 2027 3239 t

230 3273 328 3334 has
378 3273 683 3353 infallibiles
716 3277 1059 3340 revelationes
1087 3279 1242 3340 habet
1275 3302 1294 3347 3
1364 3276 1518 3360 prius
1565 3275 1944 3418 affirmamus,

1668 3376 1748 3438 po
1800 3375 1944 3419 erius
