2086 3640
743 89 835 152 De
869 88 1273 167 Justificatione.
1774 116 1798 158 1
1813 98 1851 157 6
1853 117 1909 222 7i

168 197 238 259 lit
274 195 383 258 illis
425 197 716 268 omnibus,
766 195 940 256 etiam
969 196 1312 334 sarpientibus
1353 195 1774 271 absconditum,
1804 222 1883 282 qu

165 278 329 358 hujus
385 279 606 340 seminis
659 278 717 339 in
765 276 1004 356 semetip
1029 297 1074 336 1s
1118 277 1305 357 ignari
1341 276 1488 351 sunt,
1553 281 1720 360 eique
1769 282 1903 343 refi-

164 360 361 427 stunt3
407 360 643 452 quidam
688 374 882 419 tamen
911 358 1300 420 Protestantes
1342 358 1661 439 loquuntur
1695 361 1766 421 de
1794 363 1903 424 hac

151 439 564 519 justifica-none
619 460 724 520 per
772 436 1068 499 Christum
1110 438 1223 500 hoc
1258 439 1440 502 modo
1479 440 1767 514 indutum,
1831 461 1901 506 ut

160 523 360 602 postea
400 524 501 582 suo
551 522 683 582 loco
725 518 966 601 patebit.
1374 577 1378 579 t

243 603 574 679 Demque,
620 602 757 662 licet
796 599 1182 661 remiffionem
1220 617 1596 680 peccatorum
1642 605 1898 668 colloce-

159 703 288 743 mus
338 684 395 742 in
432 682 650 763 justitia
689 695 751 750 δι’
781 680 1107 743 obedientia
1146 679 1176 738 ’ἒι
1221 681 1452 742 Christo
1494 683 1551 742 in
1602 705 1778 746 carne
1801 688 1899 748 sua

157 764 417 842 peraeta,
464 765 624 846 quod
659 764 735 826 ad
773 761 891 842 ejus
933 763 1178 822 Causam
1221 780 1632 842 procurantem
1662 767 1890 840 attinet,

152 844 218 903 δε
261 843 396 907 licet
458 866 570 918 nos
610 846 760 928 ipsos
805 843 1128 906 form-aliter
1164 840 1511 920 justificatos
1561 863 1896 926 reputemus

152 946 258 1006 per
292 926 490 1005 Jesum
537 926 832 990 Christum
903 924 1055 984 intus
1117 922 1461 996 formatum,
1536 936 1595 991 St
1627 928 1683 987 in
1725 929 1893 990 nobis

152 1007 529 1086 productum,
574 1030 690 1070 non
737 1007 1033 1088 possumus
1055 1021 1271 1077 tamen,
1304 1005 1449 1071 ficut
1475 1006 1714 1096 quidum
1744 1009 1892 1069 Pro-

151 1087 418 1148 testantes
467 1089 693 1151 incaute
735 1089 941 1158 fecere,
988 1088 1142 1147 bona
1194 1106 1375 1166 opera
1415 1086 1445 1144 ὲ
1481 1086 1894 1164 justificatione

149 1169 500 1238 excludere·,
543 1191 679 1232 nam
719 1170 856 1230 licet
890 1167 1132 1259 proprie
1181 1183 1427 1248 propter
1473 1187 1540 1226 ea
1580 1185 1696 1225 non
1724 1166 1892 1245 justi-

150 1249 417 1322 ficemur,
462 1250 1284 1330 tameninillisjustificamur‚
1330 1256 1387 1313 81
1410 1247 1710 1308 neceffaria
1739 1250 1889 1322 sunt,

145 1329 304 1470 puali
370 1331 532 1392 causa
582 1335 705 1413 fine
749 1333 859 1413 qud
915 1351 1034 1392 non.
1120 1330 1283 1390 Nam
1339 1329 1438 1410 qui
1492 1329 1602 1388 hoc
1649 1347 1887 1410 negant,

172 1410 312 1471 icuti
342 1410 658 1494 Scripturae
699 1412 1194 1482 contradixerunt,
1241 1412 1322 1475 ita
1362 1410 1539 1470 etiam
1588 1431 1705 1472 non
1756 1431 1889 1492 par-

146 1511 292 1552 vum
326 1493 659 1572 scandalum
703 1495 762 1554 in
812 1493 1153 1576 religionem
1183 1491 1611 1553 Protestantem
1649 1490 1889 1551 induxe-

146 1589 305 1645 runt,
351 1585 412 1640 δί
452 1575 775 1636 Pontificiis
823 1592 1029 1637 contra
1067 1593 1196 1632 earn
1247 1572 1577 1633 clamitandi
1635 1571 1889 1633 occaslo*

144 1672 282 1712 nem
335 1655 662 1735 praebuere,
705 1655 770 1714 ὅτ
808 1656 987 1735 quarn
1036 1652 1297 1733 plurimi,
1361 1652 1643 1712 doctrinae
1672 1672 1884 1718 eorum

143 1735 459 1807 credenteS,
505 1735 668 1796 illinc
708 1735 885 1795 securi
930 1734 1103 1795 nimis
1139 1731 1278 1793 facti
1315 1733 1465 1809 sunt,
1530 1733 1673 1796 dum
1714 1750 1907 1814 putaw

145 1831 275 1874 rent
312 1815 367 1876 se
405 1815 711 1896 justificari
739 1817 950 1896 absque
980 1814 1149 1876 bonis
1189 1814 1478 1896 operibuS.
1567 1815 1882 1887 Praeterea‚

142 1894 282 1956 licet
320 1917 436 1958 non
478 1897 744 1978 expediat
784 1895 998 1968 dicere,
1045 1894 1204 1975 quod
1245 1893 1540 1957 meritoria
1571 1890 1701 1966 fint,
1747 1897 1883 1975 quia

142 1990 336 2037 tamen
384 1978 543 2038 Deus
612 1998 680 2038 ea
728 1993 1150 2047 remuneratur,
1212 1991 1402 2055 patres
1450 1973 1725 2046 ecclefiae,
1800 1976 1885 2037 ita

138 2054 299 2130 disti,
344 2079 460 2118 non
488 2058 831 2120 dubitarunt
849 2060 1034 2119 verbo
1064 2059 1370 2198 {meritum}
1413 2056 1519 2126 uti,
1564 2075 1682 2135 quo
1704 2056 1882 2118 etiam

137 2134 292 2198 forte
339 2140 605 2200 nostrum
645 2139 886 2220 quidam
932 2138 1017 2199 usi
1087 2154 1193 2198 unt
1230 2137 1382 2197 sensu
1406 2137 1729 2207 moderatO,
1789 2138 1885 2199 sed

137 2218 464 2281 nullatenus
508 2221 961 2289 Pontificiorum
1003 2218 1296 2300 figmentis
1357 2218 1522 2299 supra
1572 2219 1882 2281 nominatis

138 2297 408 2363 faventes,
512 2301 596 2363 Et
634 2302 899 2382 denique,
946 2300 989 2365 fi
1030 2300 1272 2360 eandem
1323 2319 1457 2359 curn
1501 2300 1880 2361 Protestanti-

137 2379 244 2441 bus
287 2381 359 2442 de
407 2384 575 2443 bonis
611 2383 883 2466 operibus
924 2381 1225 2442 notionem
1274 2381 1638 2451 haberemus,
1704 2380 1875 2439 facile

136 2463 551 2524 confiteremur
586 2486 654 2526 ea
700 2484 818 2524 non
860 2464 1048 2524 solum
1094 2461 1247 2522 haud
1271 2462 1380 2520 effe
1408 2460 1733 2530 necessaria,
1779 2461 1876 2524 sed

133 2543 312 2603 etiam
358 2546 565 2606 noxia:
608 2546 650 2605 ii
699 2545 851 2607 enim
894 2544 1191 2604 affirmant
1233 2542 1459 2622 optima
1502 2551 1563 2605 δί
1596 2540 1878 2620 praestan-

134 2623 345 2684 tiffima
394 2627 739 2687 Sanctorum
782 2645 962 2706 opera
996 2626 1104 2683 effe
1143 2623 1436 2703 inquinata
1475 2630 1535 2686 &t
1576 2637 1873 2702 corrupta.

136 2703 300 2775 Nam
350 2706 485 2767 licet
504 2707 585 2768 ita
617 2706 939 2787 judicemus
974 2704 1046 2763 de
1081 2704 1352 2794 operibus
1374 2700 1870 2784 praestantiffimiS,

132 2805 267 2864 quae
323 2788 399 2847 ab
426 2788 708 2865 homine,
781 2782 1257 2846 conformitatem
1293 2781 1368 2843 ad
1414 2798 1711 2850 externam
1761 2783 1871 2855 Dei

132 2865 324 2944 legem
384 2868 676 2928 annitente
740 2867 843 2927 suo
901 2866 1112 2925 robore
1151 2863 1213 2923 δε
1261 2863 1508 2928 naturali
1564 2863 1869 2943 potestate,

132 2946 371 3027 propria
440 2948 743 3008 voluntate
798 2945 949 3006 facta
996 2947 1143 3015 sunt,
1217 2945 1500 3006 credimus
1549 2960 1744 3005 tamen
1802 2964 1870 3005 ea

129 3048 329 3108 opera,
393 3049 526 3110 quae
566 3027 905 3089 naturaliter
966 3025 1289 3117 procedunt
1352 3027 1382 3083 ὲ
1434 3024 1712 3113 spirituali
1756 3025 1869 3085 hoc

127 3126 326 3190 partu,
368 3109 432 3170 &
462 3109 811 3171 formatione
849 3103 1063 3168 Chnsti
1111 3107 1168 3167 in
1208 3105 1396 3179 nobiS‚
1460 3107 1568 3166 effe
1616 3126 1762 3186 pura
1805 3106 1867 3165 &

130 3190 338 3261 saneta,
385 3191 528 3251 ficut
566 3192 628 3251 &
670 3189 831 3250 radix
864 3187 945 3252 est
975 3187 1006 3247 Ξι
1057 3187 1170 3268 qua
1208 3187 1578 3280 proveniunt,
1623 3186 1871 3268 ideoque

132 3270 290 3340 Deus
330 3292 397 3339 ea
425 3292 605 3354 opera
641 3286 927 3354 acceptat,
955 3269 1036 3412 lx&At
1071 3289 1176 3331 nos
1204 3287 1261 3330 m
1300 3268 1412 3345 illis
1438 3262 1743 3349 justificat,
1801 3267 1866 3328 ὅτ

1061 3371 1103 3426 4
1621 3362 1867 3435 propter
