2086 3640
344 62 434 121 De
471 61 685 122 internd
727 60 797 124 δέ’
839 62 1148 124 immediate?
1187 64 1523 127 revelatione.
1722 78 1796 148 1'7
1841 115 1846 118 -

59 172 248 251 phetas
300 180 427 228 tuos.
511 165 711 227 Multa
760 165 888 225 sunt
924 166 1246 245 hujusmodi
1306 167 1458 229 dicta
1494 167 1799 248 spiritualis

69 249 332 320 Davidis,
376 247 521 307 ficut
570 247 715 307 Psal.
767 247 826 306 li.
890 268 980 324 13.
1065 249 1155 309 Ne
1203 251 1415 331 abjicias
1453 272 1534 309 me
1580 251 1617 308 d
1645 253 1798 331 facie

35 334 187 402 ⁴tuci,
236 331 304 392 &²
337 331 591 407 Spiritum
618 329 870 394 Sanbi'um
911 341 1058 388 tuum
1106 353 1170 390 ne
1195 334 1416 408 recipias
1449 332 1482 388 d
1532 353 1626 392 me.
1712 331 1798 391 Et

15 459 20 463 -
69 413 216 474 Psal.
249 410 475 473 cxxxix.
510 426 564 488 7.
611 409 736 488 ch
766 411 894 468 irem
923 409 958 466 ιὶ
987 412 1189 487 Spiritu
1225 426 1332 482 tue,
1380 413 1450 473 ἑξ
1483 415 1580 491 que
1627 413 1663 471 ci
1690 414 1793 491 fa-

65 497 142 553 cie
168 494 266 554 tud
293 490 586 570 fugerem?
646 489 809 548 Hinc
835 489 1102 550 adscribit
1146 491 1400 570 Jeschaja
1445 492 1794 553 Testimonii

66 575 148 633 sui
181 572 614 642 authoritatem,
660 590 785 651 cap.
817 574 915 644 48.
958 591 1015 629 v.
1056 571 1145 630 16.
1192 573 1432 632 Accedite
1459 573 1533 633 ad
1549 596 1648 644 me,
1693 596 1821 650 au-⁴

63 656 169 715 dite
210 653 363 731 istud,
406 654 544 712 nunc
568 655 705 712 enim
743 653 1002 712 Dominus
1027 652 1246 729 Jehova
1273 657 1431 713 mittit
1468 677 1548 713 me
1576 656 1645 716 [9³
1673 657 1793 733 Spi-

62 738 196 795 ritus
226 738 348 827 ejus.
433 733 615 817 Qod
650 733 808 793 Deus
853 731 1217 813 semetipsum
1255 754 1358 813 per
1390 735 1674 814 Spiritum
1704 756 1793 795 re-

61 817 279 876 velawt
306 814 438 875 filiis
472 814 580 875 suis
610 815 668 875 in
695 834 852 875 novo
879 812 1118 887 foedere,
1162 814 1430 875 videlicet
1465 816 1790 896 ApostoliS,

59 896 122 956 &
151 896 552 976 EvangelistiS,
597 896 848 957 fatentur
868 916 1084 956 omnes,
1171 897 1339 958 Num
1363 897 1473 956 hoc
1495 896 1681 958 adhuc
1704 917 1791 959 rc-

31 1012 33 1015 *
62 980 370 1038 maneat&
397 977 930 1056 expectandumrfit,
975 977 1167 1057 postea
1201 978 1440 1038 dicetur.

144 1060 309 1119 VIII.
355 1062 698 1136 QUARTo
743 1060 1099 1118 affirmatum
1141 1059 1243 1130 est,
1308 1060 1405 1119 has
1449 1059 1796 1120 revelationes

44 1142 207 1221 fuzffi‘
245 1142 368 1201 olim
386 1141 626 1219 formale
659 1142 905 1221 objetfium
937 1140 1071 1214 fidei
1112 1143 1426 1201 Samiorum
1460 1166 1477 1207 3
1522 1142 1680 1220 quod
1708 1138 1792 1200 fa·-

60 1222 169 1281 cile
197 1222 500 1302 apparebit
540 1243 611 1281 ex
657 1223 792 1281 fidei
839 1221 1192 1293 definitione,
1252 1222 1312 1280 ὅτ
1357 1220 1789 1293 considerando,

0 1376 1 1380 Ἰ
58 1303 199 1382 quid
228 1304 298 1362 fit
332 1304 449 1382 ejus
491 1303 786 1382 objectum
815 1303 1019 1363 adhue.
1107 1303 1211 1363 Ad
1238 1303 1364 1363 haec
1399 1302 1794 1383 investiganda

58 1404 419 1464 nequaquam
461 1385 703 1445 curiosas
744 1385 806 1443 δε
855 1385 1042 1445 varias
1086 1384 1555 1444 scholasticorum
1600 1385 1792 1444 notio-

57 1485 154 1540 nes
198 1465 600 1537 scrutabimur,
659 1466 754 1524 sed
799 1466 854 1525 in
898 1465 1082 1545 planis
1125 1467 1186 1524 &
1221 1464 1573 1545 fimplicibus
1619 1469 1791 1544 Apo-

57 1546 190 1606 stoli
224 1547 415 1606 verbis
459 1546 734 1618 sistemuS,
792 1548 892 1627 qui
937 1568 1063 1627 cap.
1120 1549 1196 1607 xi.
1249 1547 1322 1606 ad
1363 1547 1522 1606 Heb.
1571 1546 1792 1626 duplici

58 1628 239 1687 modo
269 1627 445 1687 fidem
495 1629 794 1687 describit:
858 1630 964 1689 Est
1007 1642 1180 1688 autem
1224 1627 1457 1707 (inquit)
1487 1627 1626 1702 fides
1669 1630 1790 1706 spe·-

56 1709 348 1769 randorum
393 1709 728 1785 substantia,
782 1722 1144 1789 argumentum
1212 1730 1312 1768 non
1369 1711 1735 1786 apparentium
1769 1732 1789 1775 ς

56 1791 237 1868 quod,
284 1806 348 1849 ut
393 1789 715 1869 Apostolus
742 1789 944 1848 eodem
992 1791 1178 1869 capite
1214 1789 1476 1868 pluribus
1512 1789 1792 1869 exemplis

58 1870 326 1941 illustrat,
372 1870 516 1929 nihil
552 1869 709 1928 aliud
736 1871 837 1941 est,
883 1870 984 1930 nisi
1019 1872 1191 1930 firma
1227 1871 1289 1928 &
1324 1887 1476 1930 certa
1505 1870 1792 1950 persuasio

57 1952 256 2023 animi,
300 1951 412 2030 qua
437 1950 752 2030 requiescit,
797 1952 858 2010 ὅτ
893 1953 1045 2012 sensu
1067 1953 1260 2033 aliquo
1290 1952 1535 2030 poffidet
1562 1952 1790 2032 speran-

56 2032 270 2092 dorum
306 2032 698 2103 substantiam,
744 2033 1111 2104 confidentia,
1156 2054 1331 2113 quam
1372 2033 1544 2092 habet
1576 2041 1633 2093 in
1678 2032 1789 2094 Dei

56 2116 448 2194 promiffione.
534 2113 617 2173 Et
644 2114 722 2173 ita
746 2114 920 2174 habet
955 2115 1344 2174 firmiffimum
1377 2130 1789 2195 argumentum

57 2215 252 2255 rerum
294 2194 552 2254 nondum
589 2196 1012 2275 apparentium.
1097 2196 1292 2274 Hujus
1323 2196 1457 2254 fidei
1494 2196 1792 2275 objectum

24 2315 25 2318 =
55 2275 139 2335 est
178 2277 423 2348 verbum,
469 2277 564 2355 seu
601 2276 964 2351 Testimonium
1007 2277 1116 2337 Dei
1142 2279 1400 2337 animum
1429 2277 1787 2356 alloquentiS.

55 2357 222 2418 Hinc
242 2356 566 2438 frequenter
600 2359 959 2418 affirmatum
988 2358 1090 2430 est,
1134 2358 1291 2439 quod
1330 2358 1624 2440 objeffitum
1654 2358 1792 2417 fidei

57 2437 128 2497 fit
153 2440 302 2499 Deus
338 2440 564 2520 loquens,
608 2439 767 2520 quod
801 2440 1027 2500 abunde
1059 2456 1300 2520 apparet
1328 2440 1386 2500 in
1408 2438 1686 2518 exemplis
1714 2440 1814 2499 ab-

55 2520 354 2600 Apostolo
398 2521 655 2582 adductis
692 2541 796 2601 per
825 2538 1018 2582 totum
1051 2520 1195 2581 illud
1233 2537 1454 2600 caput:
1513 2522 1790 2600 quoniam

31 2599 199 2660 :fides
233 2602 379 2662 nulli
420 2618 657 2661 externo
701 2602 1049 2674 testimoniO,
1094 2623 1198 2662 nec
1225 2602 1379 2673 voci,
1429 2601 1544 2661 five
1574 2601 1790 2679 scripto

31 2680 335 2754 humano,
395 2682 488 2742 sed
535 2683 904 2743 solummodo
959 2683 1292 2743 revelationi
1323 2682 1635 2743 voluntatis
1678 2681 1789 2741 Dei

57 2760 408 2824 immediatae
429 2764 491 2822 ὅτ
518 2763 669 2824 intus
706 2765 1079 2825 manifestatae
1109 2764 1298 2824 innixa
1330 2762 1456 2824 fuit.
1540 2763 1701 2837 Sicut
1727 2763 1789 2824 in

55 2844 328 2923 exemplo
382 2845 577 2905 Noae:
636 2867 694 2904 v.
729 2862 784 2923 7.
873 2846 1003 2905 Fide
1031 2844 1195 2905 Noah
1237 2846 1458 2925 responso
1498 2858 1696 2922 accepto
1726 2844 1790 2903 de

55 2925 142 2996 iis,
187 2947 303 3005 quae
332 2925 504 2985 adhuc
534 2947 634 2987 non
669 2926 1010 2999 videbantur,
1070 2940 1294 2987 metuens
1341 2929 1555 3004 aptavit
1601 2947 1788 2984 arcam

56 3005 113 3074 in
153 3005 384 3086 salutem
418 3006 594 3068 domus
621 3009 738 3088 ficae
772 3033 789 3075 3
840 3025 944 3086 per
986 3030 1143 3088 quam
1186 3008 1464 3068 damnavit
1511 3005 1783 3077 mundum,

59 3083 1134 3307 ξιέἕξὲἷῗέῑὲἴῖῖέἔὶζὲῖᾌεὲἷίεῑ
1154 3090 1321 3249 ’ἔῖιέῗ
1341 3094 1449 3228 ῃῖἕῖ
1470 3089 1788 3230 ὁῖζῗέἵῖἔίᾼ

60 3246 122 3330 al
143 3269 325 3331 oquens
352 3252 384 3311 ἓ
430 3251 562 3314 Nec
591 3251 840 3327 habebat
859 3253 1239 3392 Scripguram,
1283 3271 1387 3315 nec
1408 3250 1785 3334 Prophetiam

1627 3344 1786 3396 ante*
