2086 3640
239 75 326 132 De
350 66 642 148 universali
661 61 1015 144 &salutifero
1045 61 1241 126 lumine
1266 66 1397 146 Jefic
1425 66 1638 146 Christi.
1690 87 1803 149 137

82 179 203 240 dere
240 175 418 247 illam,
479 175 599 234 cum
627 171 880 251 proxima
919 169 1061 228 nobis
1084 171 1184 247 sit,
1231 175 1286 232 in
1325 175 1558 235 domibus
1595 173 1803 250 nostris,

63 263 210 340 ficut
235 256 633 337 sapientiffimus
663 250 870 332 Moffts
909 249 1167 322 declarat,
1212 255 1268 313 in
1310 257 1480 315 tribus
1506 257 1667 332 nostri
1693 275 1809 314 cor-

47 345 49 348 ⁴
72 344 221 420 poris
257 339 525 417 partibus,
568 336 684 394 viz.
734 334 789 390 in
817 331 1076 400 manibus,
1142 334 1198 392 in
1241 356 1350 406 ore,
1395 339 1449 396 in
1478 337 1647 408 corde,
1690 337 1804 406 hoc,

26 432 29 434 ’
85 424 273 502 inquit,
317 418 633 493 verifflmum
679 412 926 471 veritatis
946 411 1236 491 symbolum
1278 421 1374 486 eft,
1420 439 1539 498 quoe·
1567 421 1725 478 etiam
1751 420 1810 478 in
1866 427 1955 451 ff

85 505 257 563 tribus
285 499 500 577 impleta
534 496 625 572 est,
669 495 783 552 viz.
807 493 862 551 in
889 491 1116 567 confilio,
1162 497 1217 555 in
1238 499 1459 570 attione,
1504 502 1559 559 in
1588 499 1811 580 loquuti-

84 606 195 644 one.
279 577 428 640 Ibid.
474 575 670 635 Etiam
700 572 774 633 ad
818 571 1073 631 infideles
1117 591 1311 654 gentes
1352 578 1473 638 ait:
1541 580 1813 659 Christum

89 668 274 740 recipe,
319 660 488 738 visum
527 659 716 734 recipe,
763 653 936 713 lumen
973 656 1159 732 recipe,
1228 672 1288 717 ut
1340 661 1481 720 reite
1524 663 1696 739 noscas
1740 661 1812 723 Es?

86 746 264 805 Deum
300 741 370 802 &2³
412 741 683 798 hominem.
771 734 1017 804 Verbum,
1062 735 1200 815 quod
1223 737 1556 802 illuminavit
1580 764 1691 814 nos,
1736 746 1815 802 es?

87 824 288 884 dulcius
333 842 485 892 auro,
533 819 601 881 &3
632 817 809 898 lapide
824 815 1067 898 pretiosi).
1151 818 1402 880 Rursum
1444 822 1541 892 ait,
1588 826 1815 901 recipia-

90 927 204 966 mus
240 904 433 972 lumen,
479 914 540 961 ut
565 903 875 978 recipiamus
913 897 1092 956 Deum
1126 923 1143 964 ;
1189 904 1499 980 recipiamus
1520 904 1713 974 lumen,
1756 914 1821 963 ut

90 985 327 1065 discipuli
352 985 573 1043 Domini
595 983 782 1059 fimus.
841 976 985 1037 Ibid.
1033 976 1314 1040 Gentibus
1344 983 1454 1042 illis
1490 984 1818 1046 infidelibus

0 1112 36 1128 s
93 1069 194 1138 ait,
259 1066 467 1143 ccelcstis
507 1065 735 1142 Spiritus
777 1062 946 1142 juvat
991 1072 1059 1130 te,
1124 1061 1449 1140 voluptatem
1497 1065 1692 1142 repelle
1744 1065 1817 1126 &

79 1151 227 1230 fuge.
310 1146 524 1206 Rursus
573 1143 677 1204 lib.
726 1143 941 1202 Strom.
986 1158 1043 1215 5.
1087 1141 1184 1202 ait.
1230 1144 1385 1222 Abstt
1422 1157 1483 1204 ut
1530 1148 1675 1206 homo
1715 1164 1818 1205 non

80 1233 160 1309 fit
197 1232 467 1307 particeps
509 1226 705 1286 divinoe
751 1223 988 1291 notionis,
1034 1230 1170 1290 θείως
1205 1232 1390 1295 ἐννοίας,
1427 1228 1518 1306 qui
1557 1230 1612 1286 in
1652 1229 1821 1308 genefi

94 1312 290 1371 dicitur
309 1305 765 1386 inspirationisff
789 1310 1076 1387 particeps.
1120 1307 1203 1367 Et
1223 1302 1383 1368 Paed.
1408 1307 1510 1369 lib.
1542 1307 1577 1370 i.
1609 1328 1735 1387 cap.
1760 1327 1817 1385 3.

95 1390 326 1451 amabile
353 1388 586 1468 (inquit)
628 1388 697 1450 ΕΒ)
725 1387 1061 1464 defiderabile
1087 1390 1215 1471 quid
1239 1391 1294 1448 in
1327 1383 1532 1449 homine
1555 1394 1650 1461 esi,
1689 1388 1829 1470 quod

94 1485 323 1533 vocatur
368 1472 637 1549 inspiratio
691 1469 800 1529 Dei
854 1477 1110 1550 ἐμφύσημα.
1145 1479 1256 1535 eei?-
1335 1467 1497 1530 Idem
1544 1470 1647 1532 lib.
1727 1490 1818 1533 10.

96 1555 313 1614 Strom.
379 1551 667 1612 Homines
703 1549 777 1610 ad
816 1549 1013 1612 lumen
1063 1555 1123 1612 &
1160 1572 1370 1633 aquam
1421 1551 1477 1610 in
1511 1549 1822 1631 semetipfis

98 1634 316 1710 dirigit,
361 1632 462 1712 qui
502 1631 737 1691 oculum
778 1633 987 1692 animae
1026 1632 1396 1694 obscuratum
1447 1632 1680 1704 habent,
1722 1631 1820 1692 vel

100 1714 253 1775 mali).
299 1712 634 1775 educatione
679 1711 741 1770 &
768 1711 1026 1773 doctrina
1074 1714 1390 1776 obtusum:
1453 1713 1527 1772 ad
1553 1712 1824 1774 domesti-

101 1817 236 1856 cum
282 1794 446 1854 suum
487 1793 679 1853 lumen
721 1792 1134 1873 ingrediantur,
1192 1794 1285 1854 seu
1322 1794 1396 1854 ad
1436 1794 1648 1866 lucem,
1692 1815 1824 1875 quae

101 1877 159 1936 in
207 1877 389 1935 domo
429 1875 522 1934 suit
568 1876 670 1945 est,
715 1886 831 1950 orgae
862 1886 920 1942 τὸ
956 1885 1118 1939 οἰκὲἶον
1150 1883 1246 1952 φὸς
1282 1880 1561 1956 βοιῶιζὲτω,
1612 1876 1686 1935 ad
1725 1896 1823 1935 ve-

100 1958 349 2027 ritatem,
395 1976 525 2036 quae
560 1956 859 2036 graphice,
917 1957 980 2016 &
1007 1958 1159 2016 clare
1201 1977 1265 2017 ea
1308 1957 1649 2029 manifestat,
1693 1976 1826 2039 quae

95 2039 305 2117 scripta
331 2038 473 2096 sunt.
1378 2101 1380 2104 y

183 2122 492 2198 Jus⁷r1Nus
538 2117 779 2198 Martyr
804 2117 865 2180 'in
903 2119 1089 2201 prim&
1128 2119 1400 2202 apologia
1430 2120 1531 2192 ait,
1576 2119 1822 2190 verbum,

103 2201 239 2284 quod
274 2212 393 2259 erat
430 2198 498 2259 ἐξ
529 2203 623 2268 est,
667 2202 902 2261 omnibus
943 2203 1111 2283 ineffe,
1156 2206 1314 2263 etiam
1336 2202 1477 2263 illud
1513 2203 1676 2282 ipsum
1702 2221 1829 2260 ver-

106 2285 247 2352 bum,
292 2281 428 2362 quod
441 2296 543 2358 per
572 2281 869 2358 Prophetas
899 2285 1156 2361 praedixit
1195 2306 1306 2366 qua>
1334 2287 1537 2363 futura
1571 2296 1743 2343 erant.

185 2364 512 2422 SCRIPTOR
561 2360 633 2421 de
671 2364 974 2424 vocatione
1017 2365 1308 2426 Gentium.
1354 2366 1456 2427 lib.
1497 2389 1546 2426 1.
1602 2362 1730 2444 cap.v
1772 2382 1827 2422 2.

106 2443 392 2504 Secundum
431 2444 592 2522 ipsam
621 2443 1029 2526 (Scripturam)
1070 2446 1322 2507 credimus
1350 2448 1418 2508 ἐξ
1446 2447 1669 2525 piiffime
1711 2465 1830 2503 con-

92 2529 335 2603 fitemur,
380 2525 516 2606 quod
538 2545 806 2605 nunquam
834 2530 1169 2606 univerfitati
1195 2529 1460 2588 hominum
1478 2528 1675 2587 divinae
1701 2542 1832 2604 pro-

109 2607 357 2667 videntia
393 2627 525 2665 cura
567 2606 829 2686 defuerit:
870 2630 984 2688 qua·
1013 2610 1130 2669 licet
1157 2623 1418 2686 exceptum
1443 2610 1553 2686 fibi.
1577 2607 1835 2686 populum

96 2687 411 2766 specialibus
445 2688 519 2747 ad
530 2691 785 2765 pietatem
822 2690 1033 2750 duxerit
1061 2692 1325 2766 institutis,
1373 2690 1513 2750 nulli
1537 2703 1712 2749 tamen
1734 2709 1833 2747 na-

112 2771 243 2829 tioni
279 2769 540 2836 hominum
588 2770 832 2830 bonitatis
859 2773 978 2849 suae
1022 2770 1157 2831 dona
1184 2772 1477 2849 subtraxit,
1522 2784 1580 2831 ut
1606 2771 1837 2849 prophe-

110 2853 245 2910 ticas
286 2868 434 2908 voces
482 2849 550 2910 ἐς)
586 2864 853 2929 proecepta
910 2851 1105 2931 legalia
1151 2856 1581 2913 convincerentur
1623 2856 1677 2913 in
1733 2851 1835 2910 ele·

117 2942 404 2990 mentorum
431 2930 671 3010 obsequiis
710 2952 771 2990 ac
797 2933 1090 3007 testimoniis
1119 2935 1374 3014 accepi-ffb,
1421 2955 1544 3014 cap.
1580 2951 1634 3012 7.
1707 2932 1838 2991 Cre-

113 3011 239 3071 dere
276 3014 355 3087 ſse,
421 3011 520 3080 ait,
565 3010 728 3071 nullis
773 3013 1061 3076 hominibus
1114 3030 1256 3092 opem
1307 3018 1517 3076 Gratiae
1575 3019 1630 3075 in
1676 3026 1839 3074 totum

98 3093 266 3174 fuiffie
290 3093 640 3170 subtraitam.
686 3091 787 3152 lib.
821 3112 874 3152 2.
907 3113 1030 3174 cap.
1091 3116 1139 3154 1.
1224 3095 1514 3176 Qoniam,
1558 3098 1647 3174 ezfi
1695 3094 1842 3175 longe}

119 3174 157 3234 ἆ
189 3174 545 3252 peccatoribus
586 3178 662 3233 est
687 3173 863 3251 salus,
916 3177 1205 3255 prasentici
1250 3191 1423 3239 tamen
1451 3179 1644 3258 salutis
1684 3179 1842 3255 ipstus

123 3267 187 3314 ac
232 3257 433 3316 virtute
459 3254 599 3316 nihil
634 3275 862 3317 vacuum
899 3261 991 3317 eft'.
1039 3277 1164 3339 cap.
1218 3278 1271 3321 2.
1354 3261 1459 3322 Sed
1488 3263 1605 3322 cicm
1643 3261 1695 3319 in
1746 3257 1842 3319 illo

1616 3342 1837 3422 populo,
