2086 3640
214 93 332 155 260
491 93 969 157 ¹THESIS
1048 90 1603 156 DECIMA.

216 206 349 266 stica
390 204 726 271 eruditione,
771 203 1104 265 naturaliter
1143 224 1214 264 ex
1255 204 1746 284 propositionibus
1780 207 1932 266 veris

217 304 435 347 certam
499 283 918 345 conclusionem
963 285 1269 355 deducunt,
1349 286 1459 364 qua
1509 286 1607 344 vix
1655 286 1935 346 invenitur

219 369 403 427 homo
461 385 672 435 carere,
747 365 845 442 qui
895 367 1097 425 mentis
1137 385 1376 445 compos
1424 364 1527 435 est,
1592 365 1740 424 illius
1775 367 1935 439 usum

224 447 458 508 minime
496 465 794 524 negamuS,
865 446 925 503 &
970 445 1032 504 ea
1079 446 1133 506 in
1179 447 1291 505 hoc
1339 446 1586 506 traEtatu
1636 446 1940 526 aliquando

222 528 351 588 usus
391 528 534 597 sum,
601 545 732 605 quae
776 524 838 583 &
884 526 1148 590 omnibus
1188 527 1442 586 sufficere
1490 525 1603 586 fine
1650 541 1771 587 arte
1818 526 1940 585 dia-

225 607 422 668 lectica
451 609 641 686 poffit.
729 605 1110 687 Philosophiae
1132 623 1324 667 autem
1346 627 1411 667 ea
1433 626 1584 687 pam,
1668 627 1758 667 uae
1799 607 1943 666 Mo-

228 689 365 750 ralis
393 688 481 748 seu
506 688 713 747 Ethica
741 687 970 760 dicitur,
1041 708 1156 748 non
1179 687 1476 749 necessaria
1497 683 1636 747 Chri
1690 688 1823 746 ’anis
1838 687 1942 758 est,

235 771 335 849 qui
381 770 559 829 sacras
595 766 909 848 Scripturae
944 769 1191 848 regulas,
1257 769 1319 827 &
1346 767 1522 828 divini
1568 767 1812 849 Spiritus
1840 767 1947 826 do-

234 871 394 929 num,
476 869 593 929 quo
649 849 837 908 multo
881 851 1082 910 melius
1132 850 1329 910 instrui
1397 849 1647 931 possunt,
1718 850 1947 909 habent.

235 930 482 1011 Physica
537 930 676 989 vero
730 931 790 988 &
831 930 1234 1011 Metaphyfica
1283 930 1356 989 ad
1413 930 1571 1002 alias,
1653 928 1951 990 medicinae

235 1012 446 1072 scilicet
489 1013 550 1070 δε
597 1011 1056 1081 Mathematicae,
1101 1026 1247 1070 artes
1298 1011 1491 1071 reduci
1526 1011 1777 1092 pofl'unt,
1821 1025 1952 1087 quae

238 1102 374 1153 tum
424 1091 727 1152 Christiani
777 1091 1014 1151 ministri
1057 1091 1236 1151 officii
1270 1092 1495 1152 essentia
1523 1091 1662 1152 nihil
1693 1107 1955 1150 commu-

235 1195 312 1234 ne
354 1174 594 1242 habent,
657 1171 894 1250 ideoque
934 1173 1144 1234 Paulus
1183 1173 1523 1253 ApostoluS‚
1570 1171 1667 1252 qui
1689 1170 1831 1232 bene
1851 1188 1959 1238 no·
2067 1228 2081 1246 .-

241 1255 348 1324 vit‚
391 1254 530 1333 quid
573 1251 898 1311 Christianis
940 1252 1204 1312 ministris
1250 1255 1408 1325 utile,
1496 1253 1631 1334 quid
1686 1251 1959 1312 nocivum
2060 1264 2081 1319 j*

245 1335 402 1404 esset,
467 1333 814 1393 Coloffenses
847 1334 960 1392 hoc
998 1332 1175 1392 modo
1211 1334 1470 1395 hortatus
1511 1333 1613 1405 est,
1660 1332 1791 1393 Col.
1822 1332 1876 1390 ii.
1904 1333 1959 1389 8.
2056 1373 2058 1379 >

216 1415 441 1484 videte,
505 1436 569 1475 ne
621 1417 734 1492 quis
774 1433 867 1473 vos
904 1414 1128 1491 decipiat
1152 1431 1254 1491 per
1284 1415 1673 1493 Philosophiam
1721 1414 1792 1475 ἔθ’
1842 1415 1960 1472 ina-

248 1517 364 1556 nem
411 1495 720 1574 fallaciam.
804 1493 886 1553 Et
926 1493 1134 1553 dileeto
1170 1494 1270 1552 suo
1317 1495 1598 1575 discipulo
1645 1493 1969 1554 Timotheo

251 1576 326 1635 sic
363 1578 536 1636 etiam
577 1574 792 1645 scribit,
848 1595 870 1634 1
902 1573 1062 1633 Tim.
1108 1574 1184 1633 vi.
1233 1593 1327 1635 20.
1387 1577 1439 1635 O
1494 1574 1771 1644 Timotheo,
1815 1574 1968 1651 depo-
2051 1622 2056 1646 ;

236 1660 405 1735 sttum
444 1655 651 1732 custodi,
716 1657 977 1733 profanas
1014 1675 1200 1715 vocum
1247 1658 1502 1716 novitates
1530 1656 1600 1718 &²
1645 1657 1971 1734 opposttiones
2044 1703 2046 1706 .

241 1739 379 1819 falfi
423 1739 641 1797 nominis
668 1737 900 1814 scientia·
935 1736 1190 1798 devitans.

337 1819 510 1880 XXI.
581 1818 854 1876 TERTIA
894 1817 955 1876 &
1000 1817 1294 1897 praecipua
1349 1836 1479 1899 pars
1525 1835 1727 1878 eorum
1782 1815 1975 1877 litera·

252 1916 404 1959 vturae
443 1899 523 1957 est
562 1898 894 1978 Theologia
941 1898 1287 1968 scholastica,
1356 1919 1486 1980 quae
1527 1899 1762 1980 quidem
1805 1917 1976 1958 mon·
2042 1901 2074 2152 ξ

2046 2253 2058 2291 1

258 1981 439 2040 strum
459 1978 559 2048 est,
604 1998 675 2037 ex
693 1978 1119 2059 scripturalibus
1146 1979 1486 2058 quibusdam
1513 1979 1765 2040 veritatis
1789 1978 1979 2038 notio-
2041 1979 2049 2042 f
2067 1979 2079 2057 J

257 2061 445 2130 nibuS‚
507 2060 568 2118 &
613 2059 847 2120 ethnicis
890 2059 1146 2119 terminis
1187 2059 1249 2118 ὅτ
1293 2060 1676 2121 axiomatibus
1722 2058 1979 2140 produc·

238 2155 434 2206 *tum3
496 2140 557 2209 ὃζ
603 2139 683 2197 est
742 2139 899 2219 quasi
947 2141 1236 2219 Paganica
1284 2141 1653 2220 Philosophia
1708 2138 1981 2201 Christia-
2039 2143 2071 2186 l³=

235 2221 474 2291 «nizam,
557 2221 650 2279 vel
697 2221 888 2302 potius
942 2235 1172 2281 externa
1221 2219 1454 2281 literalis
1502 2220 1713 2281 Christi
1758 2221 1982 2283 scientia
2032 2223 2086 2298 *ᾗ

236 2301 662 2383 .Paganizata·‚
725 2302 806 2360 est
847 2301 1032 2362 homo
1080 2301 1137 2361 in
1178 2301 1372 2381 primo
1411 2301 1582 2382 lapsae
1620 2318 1844 2362 naturae
1872 2303 1982 2363 sta·
2040 2292 2055 2359 i

267 2399 331 2443 tu
372 2403 506 2442 cum
553 2381 835 2442 diabolica
882 2382 978 2443 sua
1025 2381 1313 2462 sapientia,
1359 2383 1586 2444 sibimet
1640 2383 2000 2464 quibusdam'
2039 2383 2059 2459 ‘g'

268 2465 524 2523 veritatis
586 2463 912 2523 notionibus
962 2462 1212 2544 placem,
1292 2465 1488 2545 easque
1532 2463 1846 2545 serpentini
1889 2465 1983 2525 sua

271 2544 334 2603 &
391 2543 678 2603 mundana
721 2542 942 2604 scienti&
981 2544 1281 2615 adornans,
1346 2546 1447 2627 qui
1490 2545 1744 2606 veritatis
1771 2545 1986 2626 simpli·

271 2631 505 2684 citatem
528 2624 693 2683 nimis
721 2623 1002 2702 abjectam
1041 2645 1113 2685 ex
1158 2625 1214 2685 se
1275 2626 1337 2686 ὅτ
1377 2626 1653 2686 humilem
1678 2642 1977 2698 autumat,
2049 2694 2054 2703 ,

276 2706 518 2784 ideoque
555 2705 718 2764 illam
769 2705 1210 2785 simplicitatem,
1294 2707 1616 2787 ubicunque
1678 2707 1986 2778 invenitur,
2026 2715 2055 2773 l«

279 2785 615 2857 contemnit,
674 2786 733 2845 δι
770 2785 1028 2865 seipsum,
1118 2788 1228 2847 hoc
1274 2788 1376 2848 suo
1415 2788 1772 2849 monstruoso
1819 2804 1989 2868 partu
2027 2782 2040 2805 ”

280 2866 566 2936 inflatum,
636 2866 1015 2945 magnificat·‚
1059 2867 1320 2930 diabolus
1355 2869 1634 2950 equidem-
1662 2868 1743 2928 est
1789 2868 1998 2930 obscu--
2044 2889 2051 2938 χ·

283 2966 411 3006 rans
456 2947 518 3004 &
567 2947 908 3007 obnubilans
949 2948 1061 3008 Dei
1103 2950 1490 3030 cognitionem
1525 2949 1752 3011 sensuali
1795 2948 1887 3008 sua
1926 2947 1991 3007 δι’

285 3027 500 3087 carnali
533 3027 822 3106 sapientia,
882 3044 951 3088 ut
995 3050 1066 3089 eo
1102 3032 1277 3090 tutius
1324 3031 1602 3112 simplicia
1640 3027 1812 3090 corda
1839 3028 1990 3087 deci-

254 3106 424 3182 piat,
488 3107 887 3180 Severitatem,
933 3109 1096 3171 ficuti
1142 3111 1198 3171 in
1237 3113 1293 3172 se
1338 3112 1439 3183 est,
1483 3108 1880 3191 despicabilem
1928 3109 1991 3168 δε

288 3187 525 3263 cognitu
564 3188 855 3248 difficilem
900 3191 1128 3261 efficiat,
1188 3192 1349 3254 mille
1393 3193 1625 3251 frivolas
1665 3189 1727 3247 &
1771 3189 2022 3250 inutiles

215 3347 218 3350 Α
290 3265 622 3341 quaestiones
647 3269 1111 3350 multiplicando,
1170 3293 1238 3335 ac
1293 3272 1540 3334 infinitas
1574 3270 1636 3329 δε
1674 3268 1995 3329 innumeras

1608 3350 2000 3412 contentiones
