2086 3640
272 89 407 163 480
508 84 882 152 THESJS
921 80 1363 155 DECIMA
1405 81 1832 180 QVINTA.
2003 112 2016 137 ν

267 193 502 254 Ludov.
568 194 744 252 Vives
794 195 850 253 in
897 194 1105 276 introd.
1145 196 1215 255 ad
1267 197 1400 275 Sap:
1460 196 1516 272 J.
1565 197 1743 256 Ferus
1770 195 1880 258 lib.
1930 214 1990 271 43

268 275 602 337 'Commcnn
643 275 698 333 in
730 275 948 335 Matth.
998 293 1062 354 7.κ
1090 276 1151 334 ὅτ
1207 277 1347 335 Luc,
1382 294 1477 334 22.

348 356 531 414 Hmc
576 356 933 435 perspicitur,
981 357 1155 416 talem
1187 378 1252 417 ac
1302 374 1519 415 tantam
1559 355 1666 415 esse
1695 359 1987 419 connecti-³

267 453 439 494 onem
507 437 562 495 in
618 436 700 495 his
754 436 978 497 duobus
1015 438 1236 517 magnis
1272 436 1572 517 praeceptis
1623 437 1852 509 Christi,
1898 456 1986 509 ut,

259 517 757 593 quemadmodum
791 519 866 578 ab
906 540 976 579 eo
1005 516 1171 578 simul
1210 522 1586 597 pronunciata
1633 518 1697 575 &
1721 519 1989 578 mandata

258 595 405 665 sunt,
453 597 530 656 ita
574 597 777 657 eodem
830 600 1007 660 modo
1041 601 1114 659 ab
1166 599 1489 660 hominibus
1530 597 1791 659 omnium
1824 619 1988 659 aevo-

258 692 389 736 rum
432 696 657 758 recepta
694 680 842 750 sunt,
907 701 1020 739 non
1066 680 1249 740 solum
1299 681 1354 739 in
1412 679 1596 760 prima
1646 680 1987 760 promulga-

258 757 434 829 tione,
480 762 555 819 ab
598 761 810 839 exiguo
854 782 1096 821 numero
1125 758 1555 841 discipulorum,
1600 759 1696 820 scd
1722 761 1896 822 etiam
1926 762 1983 820 in

254 842 724 918 augmentatione
772 842 1224 902 Christianorum
1275 841 1562 922 prioribus
1603 840 1787 902 tribus
1832 842 1986 902 secu-

254 919 532 989 lis‚gs1cut
578 925 752 981 etiam
808 924 864 983 in
905 922 1203 1002 apostasia,
1269 923 1370 984 ubi
1413 942 1592 982 unum
1637 920 1750 982 fine
1797 923 1983 983 altero

251 1020 366 1058 non
412 1001 687 1079 rejectum
747 1005 807 1062 &
848 1005 1110 1066 relietum
1154 1004 1285 1074 fuit,
1353 1005 1414 1062 &
1456 1023 1605 1062 nunc
1653 1002 1863 1062 iterum
1921 1004 1978 1063 in

254 1081 608 1143 restitutione
669 1085 731 1142 ὅτ
782 1086 1048 1144 renovata
1098 1086 1502 1165 praedicatione
1541 1084 1741 1143 aeterni
1789 1083 1982 1144 Evan-

251 1163 410 1240 gelii,
456 1166 554 1223 ubi
605 1166 798 1244 agnita
847 1167 973 1225 sunt
1021 1184 1290 1246 tanquam
1341 1182 1572 1225 aeternae
1609 1165 1671 1223 &
1712 1166 1980 1225 immuta-

251 1242 389 1302 biles
438 1245 631 1324 lege&
678 1247 911 1327 proprie
960 1247 1298 1327 pertinentes
1343 1247 1414 1306 ad
1455 1245 1664 1305 statum
1713 1245 1980 1327 Evange-

249 1322 426 1383 licum
472 1328 531 1384 &
571 1344 918 1387 ¹extremam
979 1328 1413 1407 perfeetionem,
1445 1398 1447 1400 q
1478 1327 1550 1385 de
1599 1347 1713 1404 qua
1755 1323 1796 1384 s1
1857 1327 1979 1408 quis

246 1403 581 1478 deviaverit,
627 1408 837 1467 excidit
879 1407 1288 1487 aperfeetione
1343 1406 1586 1468 hominis
1615 1405 1934 1468 Christiani.

331 1486 429 1544 ET
474 1490 628 1548 certe
665 1491 843 1549 verba
866 1489 920 1546 in
959 1490 1010 1547 se
1042 1489 1169 1568 ipfis
1201 1489 1343 1549 adeo
1366 1490 1518 1548 clara
1554 1487 1703 1558 sunt,
1757 1505 1823 1548 ut
1848 1510 1979 1548 meo

243 1566 478 1645 quidem
518 1568 741 1646 judicio
785 1569 942 1630 nulla
993 1570 1370 1631 illustratione
1427 1589 1571 1648 opus
1621 1567 1866 1630 habeant
1906 1570 1980 1629 ad

241 1648 644 1726 explicandum
682 1652 897 1710 sensum
947 1671 1193 1710 eorum:
1258 1650 1534 1732 siquidem
1575 1647 1796 1709 facilius
1840 1670 1977 1711 con-

243 1728 424 1788 ciliari
465 1732 626 1791 inter·
659 1733 713 1791 se
749 1746 956 1811 queant
985 1732 1249 1793 omnium
1295 1732 1565 1792 maximae
1611 1731 1989 1796 contradictis

242 1830 400 1881 one3‚
447 1812 623 1891 quim
668 1814 757 1873 hae
795 1813 948 1893 leges
998 1814 1236 1874 Domini
1276 1814 1453 1874 nostri
1491 1812 1620 1892 Jesu
1642 1812 1976 1892 cumimpia

243 1891 533 1953 bellorum
560 1895 884 1955 conditione
908 1920 942 1965 3,
970 1895 1097 1956 sunt
1137 1895 1288 1955 enim
1331 1894 1502 1976 plane
1534 1900 1781 1966 α’σῦς-οιἹω.
1825 1891 1975 1978 Qi-

239 1992 464 2052 cunque
506 1975 810 2035 conciliare
848 1977 1036 2055 potest
1086 1978 1215 2046 hoe,
1280 1999 1345 2036 ne
1382 1978 1586 2054 reststas
1633 1977 1791 2047 malo,
1837 1995 1975 2035 cum

241 2056 357 2112 vim
406 2059 468 2114 vi
507 2058 760 2133 repellere
789 2057 908 2116 licet
941 2082 958 2124 3
1005 2057 1165 2129 item,
1204 2060 1385 2136 proebe
1431 2059 1501 2119 ἔθ’
1551 2058 1780 2118 alteram
1817 2078 1973 2118 max-

242 2134 422 2206 illam,
470 2157 603 2196 cum
634 2151 850 2216 percute
884 2139 1141 2212 viciffim·,
1217 2138 1314 2209 sle,
1361 2139 1561 2218 diligite
1607 2141 1835 2200 inimicos
1875 2159 1971 2202 ve-

223 2216 383 2290 stros.
430 2237 562 2276 cum
590 2219 834 2297 spoliate,
871 2220 1220 2296 praedamini,
1282 2222 1390 2301 igni
1419 2222 1674 2299 ferroque
1705 2222 1971 2301 persequi-

238 2299 369 2355 mini
416 2320 494 2358 eos
520 2323 534 2364 3
567 2300 685 2371 vel,
712 2313 859 2359 orate
876 2316 980 2378 pro
988 2302 1405 2381 persequentibus
1434 2302 1503 2361 ἔθ’
1525 2301 1974 2362 calumniantibus

235 2397 347 2448 vos,
373 2399 507 2437 cum
521 2382 888 2461 persequimini
910 2382 1136 2452 mamis,
1168 2382 1584 2461 captivitatibus,
1594 2381 1867 2460 suppliciis
1883 2382 1971 2445 ul·
2049 2405 2052 2408 ·

234 2462 398 2530 timis,
442 2481 555 2520 non
578 2463 675 2541 qui
701 2483 806 2522 vos
820 2464 1220 2544 perstquuntur‚
1258 2465 1350 2523 sed
1369 2466 1459 2543 qui
1473 2464 1705 2539 vestram
1716 2476 1972 2524 aternam
2084 2495 2086 2504 ι

235 2561 300 2598 ac
338 2543 675 2619 temporalem
713 2543 940 2621 salutem
979 2566 1043 2604 ex
1072 2548 1244 2603 animo
1265 2557 1532 2624 quaerunt,
1580 2544 1913 2622 &cupiunt
1943 2569 1966 2613 3

232 2621 499 2701 quisquiS,
546 2623 802 2702 inquam,
830 2625 951 2683 haec
970 2625 1116 2685 inter
1143 2628 1196 2684 se
1217 2624 1520 2685 conciliare
1541 2625 1751 2704 potest,
1773 2624 1815 2684 is
1845 2645 1967 2684 me-

235 2705 396 2762 dium
435 2704 698 2766 inveniffe
738 2705 1022 2784 putandus
1051 2706 1131 2763 est
1172 2706 1244 2765 ad
1278 2705 1760 2765 reconciliandum
1788 2706 1967 2766 Deum

237 2806 371 2844 cum
422 2785 646 2856 diabolo,
720 2787 990 2862 Christum
1027 2807 1160 2846 cum
1210 2786 1552 2861 AntichristO,
1619 2786 1781 2856 lucem
1807 2807 1964 2854 ,curn
2047 2864 2049 2866 1

233 2868 498 2936 tenebris,‘
523 2866 583 2923 &
626 2869 809 2927 bonum
852 2888 984 2927 cum
1015 2868 1171 2928 malo.
1256 2867 1364 2927 Sed
1396 2867 1435 2923 fi
1466 2868 1576 2926 hoc
1613 2867 1966 2946 impossibile
1996 2875 1998 2877 ’

230 2945 423 3017 fuerit,
469 2948 960 3025 quemadmodum
991 2949 1184 3007 revera
1231 2947 1576 3027 impoffibile
1618 2947 1719 3018 est,
1766 2948 1963 3027 utiquc

233 3034 407 3088 etiam
451 3027 594 3086 illud
640 3028 984 3107 impoffibile
1022 3029 1150 3100 erit,
1195 3030 1256 3087 &
1306 3027 1559 3087 homines
1608 3031 1834 3099 tantum
1880 3029 1960 3086 se—

233 3107 380 3184 ipsos
417 3109 626 3168 fallunt
661 3111 720 3168 &
766 3109 928 3180 alim,
994 3110 1092 3190 qui
1134 3110 1269 3171 talia
1306 3107 1547 3178 absurda
1589 3131 1655 3173 ac
1702 3108 1962 3189 imposti-

238 3187 372 3248 bilia
417 3190 655 3250 statuere
699 3191 926 3252 audent.
1789 3266 1941 3330 XIV
