2086 3640
241 95 331 155 De
358 53 552 170 Potest.
581 90 811 173 Magist.
842 88 989 149 civil.
1015 91 1073 148 in
1094 90 1246 148 rebus
1257 88 1403 167 puri
1420 91 1570 170 relig.
1597 91 1707 152 &a
1771 90 1890 175 423

161 216 455 269 notantur,
502 198 660 279 quasi
709 198 889 259 carnis
929 199 1150 278 opera?
1196 219 1260 260 ea
1306 213 1521 271 autem,
1568 221 1699 279 quae
1730 200 1785 257 in
1813 203 1894 278 se-

160 280 413 360 metipfis
463 281 541 340 ita
583 281 732 349 sunt,
799 279 1002 359 punire
1049 300 1163 340 non
1207 278 1460 360 postulat
1500 282 1888 360 magistratus,

155 361 342 421 donec
386 361 442 420 in
473 361 612 421 alios
641 363 797 420 actus
838 361 929 420 ad¹
955 361 1208 440 proximi
1229 362 1669 422 incommodum
1711 360 1764 417 se
1793 381 1891 418 ex-

153 446 335 502 erant.
420 443 534 502 Sed
574 441 850 522 quamdiu
884 440 1107 500 haerefis
1147 463 1261 501 non
1291 443 1344 502 se
1389 446 1570 503 exerit
1609 443 1666 503 in
1695 441 1890 502 aetum

154 523 410 602 aliquem
431 524 699 583 humanae
741 522 996 581 societati
1031 523 1432 599 perniciosum,
1477 525 1570 583 vel
1602 525 1658 584 id
1687 540 1888 604 genus,

153 604 249 662 sed
290 621 485 664 manet
522 603 669 663 intra
712 623 776 661 ea
819 602 1009 677 officia
1050 602 1328 663 doctrinae
1365 606 1709 675 autsscultus‚
1754 622 1889 680 quae

154 683 303 743 inter
331 685 629 744 hominem
662 684 721 742 ὅτ
767 683 960 741 Deum
990 682 1322 743 immediate
1359 684 1525 756 stant,
1572 688 1674 748 sub
1702 681 1891 763 magi-

153 765 364 824 stratus
391 765 802 825 authoritatem
845 783 960 823 non
1000 764 1174 824 venit.

234 846 342 905 IV.
387 849 540 907 SED
589 844 852 915 secundo,
919 845 1043 904 haec
1092 846 1562 915 conscientiarum
1614 846 1887 912 c'oe‘rcitio

150 925 300 985 sanae
340 927 548 987 rationi
589 925 879 986 contraria
916 925 1017 997 est,
1064 927 1124 984 &
1153 921 1258 1006 ipfi
1306 946 1525 987 naturae
1555 933 1669 1010 legi
1700 929 1888 990 homi·

149 1025 313 1077 num,
356 1011 493 1067 cum
532 1007 847 1067 intellectus
895 1008 1027 1087 cogi
1062 1029 1179 1067 non
1222 1012 1394 1087 poffit
1444 1012 1712 1071 omnibus
1754 1031 1887 1069 cor-

147 1088 306 1165 poris
343 1088 707 1158 cruciatibuS,
751 1087 958 1167 quibus
996 1089 1351 1149 aliusalium
1392 1091 1644 1168 affligere
1674 1093 1884 1172 potest,

148 1170 469 1246 praesertim
515 1171 572 1228 in
614 1169 780 1228 rebus
828 1169 1212 1247 spiritualibus
1251 1171 1310 1227 δε
1347 1171 1886 1249 supernaturalibus,

148 1250 392 1310 Hominis
443 1254 653 1311 animus
698 1262 940 1309 mutatur
977 1255 1294 1332 argumentis
1337 1253 1406 1312 69⁹
1437 1252 1761 1314 evidentibus
1789 1276 1886 1312 ra·-

142 1333 301 1391 tionis
348 1330 886 1407 demonstrationibus,
931 1346 1232 1410 cooperante
1278 1336 1481 1392 virtute
1508 1336 1635 1405 Dei,
1701 1338 1770 1397 {9⁹
1800 1358 1888 1395 cor

136 1426 470 1489 penetrante,
516 1414 593 1475 ἑὸ).
625 1433 725 1473 non
754 1414 1063 1474 verberibus
1108 1415 1177 1475 &2³
1209 1413 1332 1473 aliis
1370 1415 1439 1479 id,
1465 1437 1647 1495 genas,
1694 1419 1881 1497 quibus

145 1509 328 1570 corpus
363 1493 574 1569 destrui,
621 1496 802 1554 anima
840 1496 1030 1569 instrui
1078 1517 1178 1555 non
1210 1497 1396 1572 potest,
1464 1517 1580 1575 quoe
1615 1498 1686 1572 est
1729 1521 1885 1579 agens

147 1573 393 1644 liberum,
461 1577 531 1636 δέ
582 1579 838 1652 opiniones
870 1589 1067 1652 oportet
1108 1590 1167 1636 ut
1207 1580 1440 1652 reficiat,
1508 1577 1601 1635 vel
1640 1578 1882 1656 decipiat,

144 1668 207 1715 ut
241 1659 291 1716 ei
335 1656 602 1716 evidenter
632 1669 930 1735 appareant
975 1678 1126 1716 vera·
1156 1654 1269 1716 aut¹
1282 1658 1465 1736 faisce,
1514 1659 1655 1718 modo
1671 1674 1883 1721 naturoe

0 1728 19 1797 ἕλ’
127 1737 251 1814 sua
281 1737 684 1816 proportionali.
771 1736 890 1820 Qi
948 1738 1156 1817 quaerit
1193 1738 1309 1797 alio
1352 1739 1531 1798 modo
1581 1741 1883 1803 hominum

0 1765 21 1872 ‘i
146 1818 366 1877 animos
415 1839 647 1898 cogere,
713 1838 847 1878 cum
887 1818 1233 1890 hominibu5‚
1298 1819 1456 1898 quasi
1501 1823 1672 1881 bruta
1710 1824 1887 1883 efl'ent

144 1898 438 1959 intellectu
484 1900 755 1970 carentia,
801 1898 944 1979 agit,
990 1899 1050 1957 &
1094 1900 1176 1958 est
1205 1921 1353 1978 opus
1382 1902 1642 1979 perdere,
1688 1904 1770 1973 δε,
1817 1919 1886 1963 ut

142 1979 255 2038 fert
295 1981 590 2060 adagium,
634 1982 903 2058 aethiopem
932 1980 1173 2045 lavdre3
1237 1985 1300 2040 iis
1337 1981 1487 2040 enim
1531 1984 1690 2043 modis
1734 1986 1885 2045 fiunt

143 2060 408 2120 homines
430 2064 732 2143 hypocritae,
777 2081 1073 2140 nunquam
1105 2062 1438 2138 Christianis
1482 2065 1543 2122 &
1566 2067 1719 2124 certe
1752 2066 1880 2125 talis

144 2142 558 2222 compulsionis
605 2141 939 2222 productuS,
986 2143 1218 2221 quando
1262 2144 1390 2202 finis
1418 2143 1534 2220 ejus
1564 2147 1880 2218 obtinetur,

140 2226 258 2282 viz.
306 2240 570 2284 externus
599 2223 835 2284 assensus
871 2223 933 2281 &
983 2223 1376 2303 conformitaS,
1425 2224 1538 2284 five
1578 2226 1631 2285 in
1672 2228 1909 2286 doctri-c

141 2303 236 2373 na,
284 2303 398 2363 slve
427 2304 484 2363 in
515 2306 698 2375 cultU,
750 2305 914 2364 nullo
956 2305 1135 2379 modo
1176 2324 1343 2384 grata
1373 2307 1479 2365 effe
1509 2307 1694 2386 potest
1725 2310 1878 2378 DeO,

142 2385 244 2463 qui
271 2384 495 2444 nullum
537 2385 639 2444 nisi
669 2385 918 2449 liberum
960 2386 1022 2443 &
1050 2405 1119 2444 ex
1149 2386 1341 2445 animo
1378 2387 1721 2447 sacrificium
1752 2390 1881 2448 vult

140 2481 243 2523 aut
290 2481 573 2544 acceptat,
647 2465 789 2525 adeo
837 2482 904 2525 ut
952 2466 1211 2525 homines
1255 2467 1333 2526 ita
1379 2468 1584 2537 coacti,
1652 2485 1879 2529 tantum

140 2545 299 2606 abest
342 2562 408 2605 ut
451 2546 595 2606 fiant
638 2566 775 2605 vera
820 2547 1072 2607 ecclefiae
1130 2550 1412 2618 membra,
1458 2548 1640 2607 decies
1696 2551 1880 2630 magis

141 2627 288 2685 fiant
324 2628 550 2688 Satanae
576 2627 741 2698 servi,
787 2628 1062 2706 quoniam
1104 2629 1393 2689 erroribus
1436 2629 1630 2689 addita
1653 2630 1732 2688 est
1772 2632 1879 2712 hy-

142 2706 403 2787 pocrism,
449 2707 744 2767 malorum
804 2711 1109 2787 peffimum
1162 2707 1218 2765 in
1269 2711 1436 2769 rebus
1487 2711 1782 2790 religiofiS,
1849 2712 1881 2771 a

142 2809 261 2867 quo
303 2788 554 2848 maxime
592 2788 868 2849 abhorret
911 2789 1084 2849 Deus,
1170 2789 1227 2847 Si
1266 2805 1459 2848 autem
1483 2791 1702 2863 dicetur,
1749 2793 1881 2872 sup-

142 2868 323 2948 primi
351 2885 546 2928 tamen
582 2888 655 2929 eo
694 2866 877 2930 modo
924 2889 1200 2939 errorem,
1248 2870 1307 2927 &
1335 2870 1660 2930 scandalum
1691 2894 1881 2933 remo-

140 2948 280 3008 veri.
367 2949 523 3028 Resp.
546 2965 825 3029 praeterea
841 2949 1001 3028 quod
1031 2950 1154 3008 haec
1179 2950 1247 3009 fit
1270 2952 1615 3011 methodusa
1645 2954 1879 3014 Christo

140 3030 586 3109 haudquaquam
634 3032 979 3109 approbata,
1066 3031 1220 3091 certe
1270 3030 1500 3091 ecclesia
1567 3037 1879 3094 accessione

143 3111 585 3191 hypocritarum
629 3111 837 3171 melior
867 3111 974 3170 esse
1011 3131 1127 3171 non
1162 3112 1371 3191 potest,
1416 3113 1511 3171 sed
1540 3115 1724 3195 magis
1754 3135 1879 3174 cor-

151 3207 323 3271 rupta
365 3191 428 3251 &
467 3191 835 3272 periclitata;
900 3208 1124 3273 apertas
1155 3194 1388 3254 haereses
1437 3193 1636 3274 fugere
1682 3198 1882 3276 easque

144 3272 349 3347 vitare,
393 3273 526 3355 quia
554 3274 631 3336 ab
658 3272 889 3335 ecclesia
927 3293 1031 3357 per
1035 3273 1351 3416 Fcensuram
1373 3274 1727 3357 separantur,
1775 3278 1880 3341 ho-

1132 3374 1163 3415 e
1202 3375 1245 3429 4
1690 3378 1874 3424 mines

3 1838 55 1913 ς,
