2086 3640
248 71 377 149 436
471 64 841 133 THESIS
879 58 1324 134 DECIMA
1359 67 1809 149 QUARTA.

335 178 376 236 S
397 195 430 236 Ε
457 197 496 235 n
537 174 798 252 denique,
842 188 909 231 ut
953 171 1116 250 hujus
1162 173 1241 232 rei
1284 171 1459 232 finem
1502 170 1732 244 faciam,
1779 173 1983 236 Gloria

256 249 327 318 fit
384 257 513 325 Deo
561 256 622 314 &
671 253 928 312 Domino
977 253 1172 312 nostro
1223 251 1351 331 Jesu
1398 252 1650 324 Christo,
1715 254 1814 332 qui
1852 255 1979 333 jam

256 356 420 399 annos
466 338 659 414 viginti
694 338 935 414 quinque,
980 334 1010 390 a
1062 334 1268 413 quibus
1309 330 1620 402 distinctu&
1665 351 1980 415 congrega-

254 434 347 479 tus
394 418 457 475 &
501 417 786 495 separatus
824 414 1074 493 populus
1122 413 1431 482 extitimu3‚
1497 413 1658 473 dedit
1695 416 1861 475 nobis
1909 417 1982 476 fi-

254 498 460 558 deliter
502 515 613 575 pro
652 493 883 555 nomine
921 493 1092 574 ipfius
1121 493 1242 575 pati
1284 493 1396 551 sine
1424 492 1700 574 fugiendo
1726 511 1826 554 aut
1853 515 1983 556 cru-

255 599 384 639 cem
403 575 639 636 vitando
673 600 691 642 3
734 576 815 645 ὅτ,
860 575 970 655 qua
1009 595 1150 635 mox
1186 574 1433 634 fruimur
1462 575 1746 646 libertate,
1790 574 1984 635 secun-

255 660 399 719 dum
430 656 875 717 misericordiam
915 653 1031 736 ejus
1071 656 1176 728 est,
1221 656 1283 715 &
1321 674 1436 715 non
1456 655 1686 715 externa
1715 655 1986 717 industria

255 755 369 800 aut
406 739 605 799 labore
626 737 841 808 nostro,
884 738 981 797 sed
1014 737 1129 817 ipse
1157 735 1350 816 tetigit
1385 735 1806 817 opponentium
1856 757 1986 797 cor-

212 838 214 841 ·
257 821 332 880 da
364 844 384 887 ς
448 839 630 898 neque
683 819 1019 898 procuravit
1062 819 1205 878 hanc
1246 817 1411 878 nobis
1458 834 1691 877 externa
1751 815 1980 897 politia,

257 901 352 961 sed
397 900 582 959 solum
625 899 1012 959 testimonium
1049 897 1399 959 conscientiae
1439 899 1648 957 nostrae
1696 897 1753 958 in
1798 899 1986 958 cordi-

261 983 370 1042 bus
424 979 799 1060 superiorum.
848 1021 856 1025 ν
905 978 1283 1040 Praeservavit
1344 979 1495 1038 enim
1551 998 1654 1037 nos
1715 978 1873 1038 Deus
1927 980 1986 1040 in

260 1062 603 1125 hodiernum
644 1061 816 1139 usque
871 1060 1026 1119 diem
1075 1060 1132 1118 in
1193 1059 1444 1140 patiente
1486 1061 1618 1137 Jesu
1661 1060 1986 1132 tolerantia,

259 1163 442 1222 neque
483 1141 706 1201 causam
753 1141 1006 1200 nostram
1043 1159 1297 1220 unquam
1345 1139 1637 1200 amisimus
1677 1141 1819 1202 alios
1856 1161 1988 1222 per-

258 1223 562 1303 sequendo,
606 1222 766 1303 quod
802 1221 1032 1304 quidem
1074 1221 1262 1300 pauci,
1305 1218 1426 1280 imo
1467 1221 1629 1291 nulli,
1694 1241 1840 1302 quos
1881 1243 1986 1282 no-

259 1305 469 1374 verim,
515 1302 820 1363 Christiani
861 1302 1049 1360 dicere
1071 1302 1317 1382 possunt.
1378 1302 1600 1361 Contra
1626 1318 1819 1363 autem
1842 1302 1989 1364 hanc

260 1383 775 1463 incomparabilem
821 1381 1075 1441 nostram
1120 1381 1479 1441 innocentem
1518 1383 1579 1441 &
1608 1382 1988 1452 Christianam

261 1465 496 1526 causam
537 1461 807 1521 malitiosi
868 1461 1172 1521 adversarii
1218 1461 1359 1520 nihil
1396 1462 1629 1534 habent,
1692 1465 1854 1543 quod
1899 1465 1987 1522 di-

259 1561 416 1615 cant,
462 1542 585 1613 nisi,
631 1541 788 1622 quod
819 1540 862 1599 si
897 1541 1309 1601 authoritatem
1353 1542 1714 1614 haberemuS,
1759 1543 1840 1606 ita
1881 1545 1992 1604 eti·-

258 1648 358 1687 am
398 1625 760 1689 faceremus;
825 1622 949 1681 haec
989 1621 1071 1680 est
1125 1622 1440 1682 affirmatio
1496 1621 1653 1681 mere
1708 1622 1990 1688 malitiosa

260 1708 321 1766 &
362 1703 725 1774 irrationaliS‚
773 1702 834 1761 &
890 1701 1284 1782 privilegium,
1344 1702 1502 1781 quod
1541 1702 1647 1766 fibi
1678 1704 1985 1777 assumunt,
2032 1710 2034 1712 ’

259 1788 334 1847 de
401 1786 603 1847 futuris
649 1783 965 1863 judicandi,
1045 1783 1205 1862 quod
1266 1783 1596 1844 immediata
1641 1786 1990 1848 revelatione

260 1869 413 1930 certe
460 1888 577 1928 non
617 1867 874 1932 habent·,
917 1865 979 1922 &
1017 1884 1214 1924 revera
1244 1864 1592 1925 incharitatis
1621 1863 1848 1945 iignum
1876 1869 1987 1941 est„

259 1952 468 2019 dicere,
533 1966 640 2007 nos
695 1945 845 2005 velle
885 1961 1086 2006 contra
1142 1947 1473 2024 manifestam
1517 1946 1749 2022 nestram
1790 1950 1988 2010 debiri-

259 2054 388 2093 nam
436 2048 627 2107 agere,
672 2026 810 2086 cum
854 2025 1123 2085 haetenus
1171 2025 1396 2085 nullam
1440 2027 1521 2087 ita
1558 2026 1850 2105 judicandi
1886 2050 1989 2092 oc-

259 2111 542 2172 cafionem
597 2105 1055 2187 praebuerimus;
1116 2115 1179 2171 8(
1221 2107 1317 2165 hic
1363 2107 1505 2166 alios
1550 2107 1987 2171 secundumse-

258 2194 408 2273 ipsos
445 2188 748 2269 judicant:
822 2187 918 2247 sed
969 2187 1106 2247 tales
1166 2184 1508 2264 conjeerurae
1568 2204 1772 2250 contra
1821 2192 1987 2254 inno-

259 2272 505 2333 centiam
539 2269 794 2330 nostram
820 2267 1059 2328 minime
1087 2266 1438 2339 militabunt,
1481 2268 1623 2328 dum
1661 2270 1995 2333 innocentes.

259 2371 572 2415 manemus,
657 2349 842 2435 Qiod
887 2348 930 2407 fi
966 2348 1364 2429 persecutionis
1406 2350 1485 2408 rei
1521 2348 1700 2410 futuri
1730 2373 1986 2432 unquam
2082 2414 2086 2424 ,

256 2437 469 2503 summ,
541 2429 681 2490 alios
740 2444 942 2490 contra
988 2429 1388 2490 conscientiam
1428 2446 1530 2490 aut
1568 2431 1986 2510 persuasionem
2084 2425 2086 2438 <

255 2518 416 2576 suam
465 2511 864 2591 corporalibus
900 2509 1187 2590 suppliciis
1225 2510 1584 2590 adurgend0‚
1650 2527 1786 2574 tunc
1827 2515 1986 2575 deni-

255 2617 390 2677 que,
421 2611 580 2663 tunc‚
602 2590 859 2672 inquam,
895 2591 1220 2670 judicemur
1248 2591 1688 2671 hypocritarum
1715 2595 1981 2671 maximi,

257 2694 441 2757 neque
478 2674 759 2756 quispiam
797 2692 904 2734 nos
943 2671 1202 2756 persequi
1237 2688 1455 2754 parcat.
2039 2679 2047 2683 ”

740 2834 914 2929 Arnen
949 2836 1119 2919 inquit
1155 2835 1341 2902 anima
1380 2855 1517 2900 mea:

1575 3110 1973 3230 THE-813
