2086 3640
191 71 312 131 492
542 47 1597 111 CONCLUSIO.

188 176 301 224 one,
348 155 510 234 magis
550 168 674 230 opus
701 154 785 211 ’iis
822 152 936 230 effi,
981 165 1052 214 uta
1070 153 1292 232 justum,
1359 173 1504 232 quem
1541 156 1607 212 “n'n
1633 155 1694 231 se
1737 157 1928 217 occide·

189 248 339 312 runt,
390 235 698 313 suseitatum
748 234 1057 312 cognoscant,
1111 247 1170 291 ut
1206 236 1493 311 'participes
1525 235 1689 309 fiant¹
1718 236 1924 315 primae

189 317 595 393 relitrrefftionis,
645 315 713 375 &²
763 313 915 393 quod,
972 315 1043 390 fi
1068 314 1160 385 hoc
1188 315 1322 388 fiat,
1362 317 1637 391 ‘aptio-res,
1661 316 1840 393 erunt,
1859 317 1923 378 de

189 395 430 455 secund&
457 395 723 475 judicare,
772 394 966 462 dicunt,
1014 407 1204 478 negare
1241 416 1329 453 nos
1367 394 1788 473 reficrrettionem
1808 418 1924 457 cor-

178 480 347 554 poris.
432 477 576 535 Hinc
616 476 848 555 denique,
896 480 1039 554 quia,
1085 477 1200 534 cum
1243 475 1518 535 audiamus
1547 477 1628 535 ¹eos
1670 477 1922 537 inadver-

188 569 360 617 tenter
420 557 676 638 loquentes
725 557 788 616 de
830 556 971 626 caelo,
1045 556 1248 635 inferno
1297 557 1366 618 ὃ
1414 570 1642 616 extremo
1691 559 1918 638 judicio,

187 639 468 696 hortamur
508 660 607 708 eos,
672 651 732 697 ut
777 658 840 696 ex
897 637 1154 717 infernali
1196 636 1302 695 illd
1351 639 1652 708 conditione,
1715 641 1770 697 in
1809 641 1922 720 qud

175 720 349 792 stant,
397 720 471 779 ad
498 719 761 800 judicium
788 722 1036 778 veritatis
1085 721 1140 777 in
1189 718 1423 779 cordibus
1447 721 1560 796 ficis
1604 722 1825 790 veniant
1845 721 1915 782 {9³

185 800 423 870 credant,
451 796 540 862 '69⁹
580 803 873 881 sequantur
910 800 1162 869 Lumen,
1215 813 1275 858 ut
1313 803 1367 859 in
1417 802 1516 859 hac
1543 801 1667 859 vitei
1695 801 1916 878 fideant

187 883 247 940 in
280 875 554 958 vcaelestibus
594 882 735 953 locis,
800 904 913 962 quae
942 883 996 940 in
1038 882 1167 958 Jesu
1216 881 1424 957 Christo
1458 878 1606 960 fient,
1663 881 1918 961 malitiose

187 965 359 1031 aiunt,
426 984 514 1022 nos
549 983 740 1043 negare
780 984 926 1022 omne
961 962 1140 1021 ca’lum
1184 962 1253 1024 [θ
1303 964 1588 1042 infernum,
1648 965 1746 1040 nist
1785 963 1924 1043 quod

187 1045 245 1102 in
285 1045 429 1106 nobis
459 1045 550 1121 est,
598 1045 667 1105 {9³
708 1043 844 1125 quod
881 1043 1205 1117 noviffimum
1254 1057 1347 1103 aut
1377 1042 1623 1124 generale
1656 1043 1919 1125 judicium

182 1145 457 1204 negemus:
529 1146 657 1205 quas
719 1147 887 1184 omnes
926 1125 1221 1184 calumnias
1262 1137 1412 1184 novzt
1463 1127 1612 1185 Deus
1652 1124 1804 1206 falso
1846 1126 1918 1187 ἐξ

185 1208 443 1265 immerito
501 1207 645 1265 nobis
685 1209 846 1287 injici,
892 1227 1010 1286 quos
1040 1206 1138 1284 ipfi’
1163 1207 1444 1285 fiescitavit
1484 1210 1539 1266 in
1576 1207 1713 1266 hunc
1753 1207 1921 1285 ipfitm

173 1287 362 1361 finem,
409 1288 478 1348 ἐξ
527 1291 882 1368 congregavit,
948 1300 1007 1346 ut
1042 1303 1143 1364 per
1200 1309 1288 1346 nos
1336 1287 1666 1366 confunderet
1700 1290 1921 1365 sapien-

183 1370 319 1427 tiam
356 1370 669 1445 sapientum,
737 1369 804 1429 &
848 1369 1157 1444 reprobaret
1193 1369 1514 1445 prudentum
1553 1368 1917 1446 prudentiam,

187 1449 258 1508 δέ
308 1462 367 1507 ut
397 1449 521 1525 sold
571 1451 724 1526 ipstus
751 1452 952 1508 virtute
990 1449 1290 1525 &Spiritu
1330 1452 1383 1507 in
1415 1449 1609 1526 populo
1637 1461 1921 1528 contempto

188 1535 283 1602 (ne
303 1533 413 1610 quis
439 1530 770 1611 gloriaretur
808 1534 862 1590 in
903 1531 1160 1608 conspettu
1197 1533 1332 1611 ejus)
1396 1543 1699 1608 corruptam
1739 1530 1917 1602 illam,

184 1624 445 1670 mortuam
503 1609 571 1672 ἔθ’
608 1613 922 1689 tenebrosam
959 1613 1236 1691 imaginem
1283 1611 1353 1672 &2³
1403 1632 1603 1672 meram
1649 1613 1916 1684 umbram,

187 1705 344 1771 atque
399 1693 825 1768 Christianitatis
862 1695 1097 1751 corticem
1144 1705 1370 1763 exueret,
1416 1705 1674 1753 everteret
1713 1693 1784 1755 ΕΞ
1832 1693 1921 1753 de·-

170 1774 427 1850 strueret,
473 1795 684 1854 quocum
715 1774 1068 1849 Antichristus
1098 1776 1329 1833 nationes
1357 1773 1644 1853 deceperat,
1688 1775 1745 1833 in
1767 1796 1918 1854 quem

173 1854 340 1928 finem
375 1859 591 1914 vocavit
630 1877 738 1926 nos,
801 1868 862 1914 ut
894 1857 1060 1932 fimus
1109 1854 1195 1914 illi
1229 1857 1448 1934 fruetus
1486 1858 1761 1934 primitivi
1801 1855 1921 1917 illo-

186 1957 326 2006 rum,
370 1939 463 2016 qui
490 1938 740 2014 serviunt
788 1937 858 1997 ὅθ
906 1936 1078 1995 colunt
1121 1957 1256 2005 eum,
1323 1958 1423 1996 non
1465 1937 1693 2015 amplius
1733 1939 1789 1998 in
1819 1958 1919 1998 an-

183 2019 428 2096 tiquitate
464 2016 652 2089 litem,
683 2017 784 2095 sed
819 2020 874 2076 in
902 2021 1139 2076 novitate
1187 2017 1432 2095 Spiritas.
1519 2019 1597 2077 Et
1622 2017 1738 2080 licet
1755 2021 1922 2096 pauci

168 2099 342 2174 fimus
401 2117 633 2168 numero,
687 2099 913 2175 respectu
965 2098 1209 2167 aliorum,
1263 2098 1332 2159 ἐξ
1387 2098 1682 2170 imbecilles,
1750 2098 1925 2179 quoad

185 2183 301 2238 vim
346 2191 636 2249 externam,
681 2200 839 2259 quam
880 2182 1038 2238 etiam
1078 2181 1281 2238 omnino
1303 2181 1598 2261 rejicimu53
1643 2180 1714 2242 δέ
1730 2180 1911 2257 stulti,

187 2260 361 2339 quoad
400 2261 553 2342 hujus
600 2260 772 2335 seculi
817 2259 1158 2337 sapientiam,
1217 2273 1468 2331 attamen,
1528 2282 1629 2321 non
1687 2263 1918 2339 obstante

185 2341 362 2399 multa
425 2343 731 2419 opposttione
797 2343 864 2402 {9³
921 2341 1343 2413 contradibtione,
1414 2358 1519 2419 pro
1584 2343 1726 2403 nobis
1767 2344 1919 2420 stetit

184 2423 352 2491 Deus,
400 2423 470 2484 ἑά
509 2423 682 2482 adhuc
708 2422 901 2499 stabit,
965 2435 1023 2481 ut
1071 2443 1231 2502 neque
1272 2444 1383 2494 ars,
1430 2444 1590 2504 neque
1626 2425 1914 2503 sapientia,

183 2524 347 2583 neque
378 2502 634 2563 violentia
654 2504 919 2563 hominum
957 2502 1050 2563 vel
1086 2502 1408 2563 diabolorum
1416 2505 1742 2581 praevalebit
1772 2507 1916 2584 scin-

185 2585 364 2644 tillam
424 2585 576 2644 illam
636 2588 935 2665 extinguere
956 2629 974 2657 ,
1040 2585 1139 2662 sed
1182 2586 1362 2662 crescet
1407 2585 1484 2645 ad
1532 2587 1920 2664 consumendum

189 2666 439 2746 quicquid
480 2665 563 2725 illi
625 2679 919 2744 opponetur.
1005 2666 1091 2724 Sic
1137 2665 1402 2746 loquutum
1458 2666 1529 2742 est
1581 2689 1634 2726 os
1674 2668 1915 2738 Domini,

187 2750 292 2806 imo
333 2750 421 2827 qui
460 2751 731 2807 exurrexit
766 2750 821 2806 in
852 2750 1048 2824 parvis
1084 2746 1336 2826 reliquiis,
1366 2748 1547 2828 surget
1588 2747 1656 2809 δέ
1674 2749 1922 2826 procedet

181 2828 352 2887 eodem
401 2829 613 2887 brachio
663 2829 731 2889 δέ
795 2831 998 2886 virtute
1045 2831 1099 2887 in
1151 2828 1430 2907 spirituali
1486 2830 1643 2907 ipfius
1690 2832 1916 2909 manife-

168 2911 421 2984 statione,
469 2909 620 2969 donec
642 2912 872 2968 inimicos
898 2909 1019 2986 suos
1059 2930 1229 2968 omnes
1252 2908 1610 2987 superaverit,
1658 2911 1918 2971 &omnia

182 3004 352 3049 terrce
411 2992 573 3070 regna
599 2992 762 3067 facta
795 2992 1012 3069 fuerint
1056 2990 1188 3067 Jcfic
1237 2990 1435 3067 Christi
1474 3012 1702 3071 regnum.
1789 2991 1912 3070 Illi,

185 3074 276 3149 qui
311 3087 434 3148 opus
462 3073 553 3129 hoc
574 3074 784 3149 incepit,
829 3092 929 3129 non
951 3072 1089 3130 inter
1109 3070 1319 3141 divites,
1347 3072 1610 3149 sapientes
1631 3073 1699 3133 {9³
1721 3071 1909 3143 dottos,

170 3151 270 3228 sed
314 3154 452 3209 inter
476 3168 756 3229 pauperes,
805 3154 943 3210 inter
991 3153 1219 3230 infantes
1257 3152 1325 3212 δᾶ
1366 3151 1628 3229 puerulos,
1675 3156 1778 3212 imo
1826 3152 1915 3213 illi

171 3232 559 3309 sapientzffimo,
621 3233 687 3296 {9³
743 3235 1076 3309 omnipotenti
1114 3234 1230 3291 Deo
1261 3235 1340 3310 sit
1380 3235 1562 3304 honor,
1601 3232 1794 3314 gloria,
1841 3234 1911 3294 ξδ’

176 3315 483 3392 gratiarum
524 3317 680 3382 attio,
747 3314 817 3374 ὃ
852 3316 1014 3391 fama
1068 3314 1259 3372 abhinc
1303 3315 1454 3392 usque
1500 3315 1570 3377 &
1600 3331 1708 3399 per
1737 3318 1913 3376 omnia

161 3392 458 3472 seculorum
489 3391 686 3472 secula.
773 3393 960 3458 Amen.
1043 3393 1449 3474 Hallelu-Jah;
