2086 3640
230 102 320 162 De
344 97 636 176 universali
663 96 732 158 &³
763 95 1045 177 salutifero
1069 97 1265 158 lumine
1290 100 1418 177 Jesu
1446 96 1662 173 Christi.
1737 97 1814 172 89

91 203 267 265 santia
307 202 424 282 ipsa
477 200 751 271 habuere,
819 202 943 260 haec
988 203 1182 261 omnia
1220 203 1458 261 omnino
1508 201 1816 270 inefficacia

51 344 54 348 .
89 285 285 344 futura
320 284 468 353 sunt,
511 281 585 341 ad
606 281 697 340 vel
738 281 1044 340 minimum
1073 281 1263 341 salutis
1293 282 1654 361 progressum
1711 280 1817 339 du-

29 431 33 433 ,
86 364 250 427 cendi
308 364 458 434 illos,
521 360 612 421 sed
660 360 1031 420 solummodo
1069 362 1419 443 conducunt,
1484 378 1550 422 ut
1600 359 1820 439 majore

90 446 411 505 afficiantur
457 441 968 510 condemnatione,
1015 442 1076 499 &
1114 443 1512 502 >vehementius
1564 442 1818 502 crucien-

93 542 204 586 tur.
291 524 494 587 Paucis
531 523 711 602 igitur
751 521 827 580 fi'c
875 521 1100 580 remota
1138 522 1274 581 falsa
1317 523 1444 593 hae,
1492 543 1624 602 quae
1651 523 1819 584 nobis

95 605 463 675 obviabatur,
507 601 788 672 doctrina,
833 603 970 660 cum
1016 602 1117 681 qui
1164 603 1331 681 plura
1374 604 1446 662 de
1482 604 1587 662 hac
1628 603 1820 666 videre

88 687 350 765 cupiunt,
413 686 505 764 pie}
546 685 608 743 δε
640 682 807 743 docte
846 682 902 742 in
943 681 1192 742 aliorum
1234 683 1451 763 scriptis
1507 684 1818 745 refutatam

0 835 1 844 χ
90 766 282 825 videre
315 768 548 845 poffint,
594 765 668 825 ad
689 761 853 824 thefis
881 762 1091 822 nostrae
1120 763 1422 822 materiam
1445 765 1815 845 progredior,

0 845 1 861 ¹
89 847 205 906 wiz,
245 848 382 927 quod
422 847 570 906 Deus
611 868 674 906 ex
729 844 944 920 infinite?
975 844 1084 922 sud
1125 844 1375 922 bonitate,
1442 849 1531 924 qui
1572 869 1673 905 uon
1732 839 1841 905 de-‘

87 927 319 987 leHatur
360 942 524 987 morte
566 929 806 1005 improbi,
855 924 957 1004 sed
1010 939 1070 985 ut
1116 946 1286 984 omnes
1330 928 1529 985 vivant
1584 928 1653 987 δά
1698 927 1819 1003 sal-

88 1022 304 1079 ventur,
331 1008 517 1084 fllium
546 1011 703 1086 suum
731 1009 1051 1088 unigenitum
1095 1008 1150 1065 in
1195 1005 1444 1065 mundum
1490 1009 1704 1084 miserit,
1732 1023 1814 1068 ,ut

87 1093 373 1170 quicunque
392 1092 446 1150 in
476 1089 628 1149 illum
649 1089 865 1160 credat,
878 1086 1149 1166 salvetur.
1236 1086 1420 1169 Qlod
1441 1088 1625 1145 rursus
1642 1087 1817 1148 etiam

88 1171 414 1230 affirmatur
440 1170 581 1230 thefi
625 1170 799 1241 sexta,
844 1170 928 1228 his
949 1169 1183 1233 verbis;
1231 1169 1471 1243 Chrzstus
1513 1170 1674 1246 igitur
1712 1185 1818 1244 pro

85 1253 321 1312 omnibus
365 1266 579 1312 mortem
611 1254 869 1332 gustavit,
914 1271 1015 1310 uon
1044 1249 1220 1329 sblum
1259 1265 1359 1327 pro
1383 1249 1657 1328 generibus
1695 1251 1816 1324 stn-

79 1332 350 1410 gulorum,
399 1333 502 1410 sed
541 1350 645 1411 pro
684 1332 916 1414 fingulis
959 1352 1226 1412 ¹generum.
1313 1329 1476 1389 Talis
1521 1329 1602 1388 est
1651 1328 1818 1407 hujus

12 1424 22 1449 ³
86 1413 340 1472 veritatis
381 1413 666 1474 evidentia
709 1415 766 1473 in
808 1413 938 1493 ipfis
986 1413 1105 1472 fere
1144 1414 1459 1491 Scripturae
1488 1411 1678 1470 verbis
1720 1433 1817 1473 ex-

86 1494 291 1573 pressa,
337 1510 404 1555 ut
431 1495 604 1574 longa
628 1494 974 1575 probatione
1002 1515 1117 1554 non
1138 1509 1321 1573 egeat.
1408 1491 1506 1554 Et
1526 1491 1659 1569 quia
1679 1513 1829 1574 pro-*p

86 1573 298 1652 positio
337 1576 462 1635 haec
504 1576 697 1634 nostra
725 1597 861 1636 cum
907 1574 1169 1656 pluribus
1199 1574 1319 1632 aliis
1353 1572 1676 1633 communis
1708 1574 1831 1645 est,

84 1654 186 1733 qui
229 1656 392 1715 enixe
431 1657 797 1735 &religiose
835 1656 1144 1716 secundum
1187 1653 1509 1731 Scripturas
1548 1673 1659 1732 pro
1692 1654 1815 1714 uni-

85 1735 287 1794 versali
316 1735 855 1815 haclredemptione
890 1735 1248 1815 scripserunt,
1298 1734 1526 1794 brevius
1550 1735 1812 1796 hocloco

86 1835 284 1893 agam,
328 1832 397 1876 ut
436 1819 508 1878 ad
547 1839 612 1876 ea
657 1816 1007 1896 perveniam,
1071 1836 1202 1897 quae
1251 1815 1441 1875 nostra
1491 1815 1674 1893 magis
1712 1837 1812 1897 pc-

88 1896 379 1955 culiariter
422 1897 605 1959 videri
644 1900 871 1977 poffint.

171 1977 275 2036 VI.
321 1978 533 2051 HAEc,
579 1978 650 2036 de
691 1979 1009 2049 universali,
1055 1979 1146 2038 seu
1190 1978 1259 2036 de
1301 1976 1509 2037 Christi
1536 1997 1645 2057 pro
1683 1999 1811 2039 om·

76 2056 251 2116 nibus
289 2077 500 2132 morte,
561 2059 821 2119 doctrina
870 2081 940 2121 ex
975 2061 1029 2119 se
1063 2060 1142 2120 ita
1183 2059 1408 2135 evidens
1445 2059 1549 2129 est,
1611 2076 1678 2119 ut
1712 2062 1810 2121 vix

84 2138 228 2196 alius
270 2139 561 2220 religionis
612 2141 947 2202 Christianae
987 2142 1258 2201 articulus
1306 2141 1649 2211 inveniatur,
1710 2143 1810 2221 qui

85 2235 208 2278 tam
257 2219 605 2301 frequenter,
651 2222 852 2283 diserte
901 2222 962 2282 &
997 2222 1314 2282 luculenter
1357 2222 1386 2280 a
1419 2221 1601 2281 Sacris
1628 2222 1808 2282 literis

83 2301 479 2363 confirmetur.
561 2302 703 2362 Inde
749 2303 1084 2383 praedicatio
1146 2303 1356 2362 Christi
1409 2303 1545 2363 vere
1601 2303 1809 2364 dicitur

84 2387 391 2463 ἐυαῃὲλιον,
414 2384 506 2444 seu
543 2383 904 2444 annunciatio
934 2386 1217 2446 bonorum
1249 2385 1534 2445 omnibus,
1563 2384 1657 2444 Sic
1680 2387 1809 2443 An-

64 2466 248 2542 fgelus
284 2466 597 2530 adventum
623 2466 938 2544 &partum
979 2465 1188 2526 Christi
1229 2465 1548 2545 pastoribus
1590 2462 1807 2525 annun·

84 2544 297 2618 dabat,
344 2547 494 2626 Luc,
545 2546 600 2605 ii.
664 2567 752 2606 10.
839 2546 994 2618 Ecce,
1038 2547 1346 2628 evangelizo
1379 2547 1526 2606 vobis
1555 2546 1807 2625 gaudium

84 2647 352 2706 magnum,
405 2628 691 2709 quoderit
736 2631 875 2687 omni
897 2628 1142 2705 popul03
1201 2649 1315 2687 non
1345 2627 1443 2698 ait,
1490 2627 1686 2707 paucis
1734 2649 1806 2689 ex

86 2708 332 2785 populo,¹
412 2707 472 2767 Si
507 2724 700 2768 autem
729 2708 1002 2768 adventus
1041 2708 1139 2768 iste
1178 2708 1389 2770 Christi
1426 2706 1692 2768 omnibus
1723 2709 1806 2769 sa-

86 2785 220 2844 lutis
246 2789 680 2867 poffibilitatem
707 2810 823 2848 non
864 2789 1156 2860 attulisset,
1202 2789 1392 2870 potius
1420 2789 1688 2848 dicendus
1717 2789 1805 2849 fu·-

83 2864 247 2938 iffet,
308 2869 670 2930 annunciatio
719 2869 916 2950 magni
962 2870 1176 2930 doloris
1223 2870 1500 2950 plerisque
1546 2871 1801 3008 populi&

61 2967 267 3026 ‚neque
301 2948 487 3009 fuisset
528 2951 897 3031 Angelorum
935 2953 1122 3012 turbae
1160 2951 1382 3016 occafio
1431 2952 1547 3010 lau<
1566 2952 1694 3010 andi
1743 2951 1804 3012 &

60 3088 68 3094 ,,
82 3026 327 3101 dicendi,
373 3033 429 3089 in
476 3031 629 3111 terrei
654 3050 794 3111 pax,
840 3032 908 3093 ὃ
942 3053 1068 3125 erga
1093 3034 1316 3097 homines
1346 3036 1588 3092 nuncium
1616 3033 1805 3091 bonum

62 3109 153 3172 ,δέ
182 3111 316 3186 bona
356 3111 621 3194 voluntas.
785 3112 843 3172 Si
871 3113 1172 3193 hominum
1222 3112 1407 3192 major
1446 3133 1576 3192 pars
1621 3112 1802 3172 neces-

79 3187 225 3263 sario
261 3193 680 3264 excluderetur,
726 3209 792 3254 ut
815 3213 899 3260 ex
934 3193 1036 3254 illo
1075 3195 1300 3259 nullum
1341 3193 1685 3255 beneficium
1716 3212 1802 3252 re-

20 3323 25 3342 ,
85 3267 269 3358 cipere
295 3275 534 3356 possent,
580 3275 876 3356 quomodo
905 3276 1176 3364 potuisset
1206 3276 1459 3339 Christus
1518 3273 1801 3414 minifpos
1883 3334 1886 3337 ,

1697 3375 1797 3415 uos
