2086 3640
256 84 379 161 256
565 67 1045 145 THE‘SIS
1111 82 1671 150 DECIMA.

251 188 397 250 sicut
434 189 601 250 beata
642 188 839 251 Maria
882 187 1129 269 reposuit
1173 189 1345 260 dieta,
1390 209 1523 271 quae
1576 195 1863 268 audiebat,
1908 199 1977 262 δε

245 270 421 340 fasta,
466 290 598 349 quae
648 269 1044 337 observabat3
1086 270 1149 330 δε
1203 291 1274 330 ex
1318 271 1580 333 thesauro
1625 277 1855 351 animae,
1898 282 1970 341 fi-

248 366 350 411 cut
400 350 583 412 scriba
625 353 830 421 bonuS,
905 367 991 410 res
1029 371 1207 411 novas
1253 351 1316 410 δε
1354 352 1612 433 antiquas
1649 362 1964 436 expromit,

247 446 316 492 ut
358 447 559 492 movet
604 432 871 512 SpirituS,
914 430 977 490 δε
1022 431 1126 492 dat
1164 429 1517 506 libertatem,
1560 435 1624 492 &
1669 453 1738 496 ut
1776 440 1967 518 gloria

247 510 363 574 Dei
410 511 687 593 postulat,
732 510 791 573 in
813 511 970 591 cujus
987 512 1241 593 gloriam
1263 514 1475 586 anima,
1503 536 1652 596 ,quae
1682 521 1967 597 templum

244 591 360 654 Dei
400 593 502 666 est,
547 594 741 654 omnia
776 594 939 654 discit
976 602 1173 674 agere.
1258 593 1414 655 Haec
1461 594 1544 654 est
1585 597 1738 658 bona
1779 600 1880 661 illa
1907 623 1968 661 e-

245 673 486 745 ruditiO,
529 696 704 755 quam
744 674 1001 735 ministro
1043 674 1404 735 necessariam
1437 673 1789 753 judicamuS,
1852 683 1970 762 'qua

241 753 562 816 eruditione
599 756 854 818 imbutus
894 757 1068 836 possit
1107 756 1251 816 bene
1290 755 1581 827 instruere,
1625 758 1853 832 docere,
1904 763 1969 823 δε

241 851 508 915 tempore
550 854 888 918 opportuno
938 837 1264 906 admonere,
1309 838 1372 896 &
1409 837 1438 895 a
1491 839 1646 899 certa
1667 843 1968 920 experien-

239 916 318 975 tia
363 937 474 996 pro
523 918 653 978 Deo
698 918 908 988 testari,
982 917 1124 978 ficut
1177 918 1319 977 olim
1363 917 1547 978 fecere
1581 920 1798 993 David,
1857 926 1967 984 Soa

240 995 444 1058 lomon
488 999 550 1060 δε
595 999 767 1059 sancti
824 999 1155 1078 Prophetae,
1221 1019 1325 1058 nec
1352 1017 1467 1058 non
1490 999 1644 1061 beati
1681 1002 1963 1082 Apostoli

240 1078 484 1139 Domini
530 1080 708 1140 nostri
756 1081 889 1160 Jesu
928 1079 1158 1151 Christi,
1223 1084 1333 1160 qui,
1380 1079 1517 1161 quod
1553 1082 1828 1154 viderant,
1861 1106 1961 1146 au-

237 1159 510 1231 diverant,
558 1163 628 1224 ἔθ’
670 1162 734 1224 de
771 1164 934 1223 verbo
971 1165 1103 1222 vitoe
1140 1169 1615 1233 contreb‘z'averant,
1686 1163 1826 1227 illud
1861 1189 1962 1227 an⁴

238 1242 585 1313 nuncidrunt,
676 1265 700 1303 1
757 1243 964 1322 Johan.
1012 1242 1049 1301 i.
1132 1243 1370 1314 Donum,
1415 1245 1559 1321 ficut
1629 1261 1963 1323 acceperant,

234 1325 614 1398 ministrantes,
684 1324 856 1384 veluti
911 1325 1032 1388 boni
1089 1322 1451 1404 dispenfhtores
1490 1323 1805 1403 multffarioe
1852 1327 1965 1390 Dei

221 1407 438 1482 gratioe,
519 1407 582 1464 δε
616 1418 733 1464 non
774 1403 1024 1464 aliorum
1080 1419 1340 1463 rumores
1396 1404 1642 1465 incertos
1678 1408 1957 1484 praedica-

234 1485 395 1554 bant,
442 1502 685 1564 quaeque
721 1484 778 1544 in
816 1483 1322 1563 comprehensione
1361 1485 1739 1564 colligebant,
1810 1488 1957 1550 dum

230 1562 335 1642 ipfi
376 1564 431 1624 in
480 1564 828 1646 experientia
864 1563 958 1624 sua
997 1564 1286 1644 peregrini
1323 1565 1532 1626 effent:
1598 1582 1664 1626 ut
1703 1567 1804 1646 qui
1851 1569 1958 1628 do«

229 1660 424 1704 cerent
449 1644 590 1706 alios
637 1645 892 1718 credere,
938 1645 1081 1705 dum
1114 1643 1222 1724 ipsi
1265 1643 1520 1705 infideles
1571 1645 1634 1705 &
1680 1645 1959 1713 increduli

229 1727 422 1798 effem,
491 1727 584 1787 vel
642 1726 744 1807 qui
785 1726 1062 1789 docerent
1119 1725 1260 1787 alios
1323 1740 1628 1806 peccatum
1667 1727 1954 1809 superare,

229 1807 381 1866 dum<
418 1808 523 1890 ipfi
570 1807 794 1889 peccati
829 1807 974 1868 servi
1012 1807 1142 1881 sint,
1204 1823 1274 1868 ut
1302 1808 1433 1869 sunt
1459 1828 1659 1868 omnes
1700 1809 1973 1872 homines..

226 1889 432 1967 gratiae
468 1891 679 1950 divinae
722 1906 1027 1969 expertes3
1070 1889 1164 1949 vel
1186 1887 1463 1969 quialioS,
1507 1888 1584 1949 ad
1608 1887 1962 1954 credendum

225 1970 290 2027 &
326 1972 743 2049 expectandum
771 1973 1175 2052 sempiternam
1205 1969 1576 2042 mercedem,-
1626 1970 1957 2046 hortantur,

225 2048 370 2109 dum
410 2051 513 2130 ipfi
545 2051 698 2111 ‘hanc
740 2072 855 2112 non
897 2050 1376 2121 habeant-fidem,
1418 2070 1523 2110 nec
1549 2050 1730 2132 spem.

307 2133 481 2191 XIX.
547 2135 668 2194 SED
715 2133 1107 2192 examinemus
1148 2132 1294 2191 hanc
1327 2131 1710 2203 literaturam,
1774 2151 1954 2214 quam

225 2210 371 2271 adeo
412 2214 774 2274 necessariam
833 2212 1095 2291 judicant
1152 2212 1227 2272 ad
1276 2210 1567 2272 ministerii
1605 2214 1896 2274 essentiam
1930 2238 1951 2282 ;

226 2307 314 2362 ut,
359 2295 552 2374 primo
601 2296 756 2368 lom,
822 2295 1156 2374 linguarum
1203 2292 1512 2363 scientiam,
1558 2292 1758 2354 saltem
1783 2294 1955 2356 Grae-

224 2394 333 2445 cae,
381 2376 609 2436 Latinae
637 2376 699 2434 &
739 2375 1035 2435 Hebraeae.
1122 2372 1317 2452 Hujus
1346 2375 1496 2433 ratio
1518 2373 1620 2445 est,
1667 2391 1733 2435 ut
1758 2375 1951 2456 Scrip-

228 2471 407 2527 turas,
472 2478 613 2536 quas
670 2457 848 2516 solam
898 2457 1059 2516 suam
1108 2451 1371 2537 regulam
1434 2454 1708 2526 fatentur,
1772 2456 1955 2535 origi-

215 2537 450 2598 nalibus
477 2538 686 2618 linguis
727 2538 945 2618 legant,
988 2557 1173 2618 eoque
1195 2538 1520 2617 capaciores
1549 2535 1692 2595 fiant
1720 2536 1792 2595 ad
1823 2537 1950 2596 illas

228 2616 678 2698 interpretandas
716 2619 830 2679 &o
903 2619 1060 2678 Haec
1107 2633 1304 2678 autem
1360 2616 1691 2699 linguarum
1722 2616 1949 2677 scientia

226 2699 297 2758 eo
349 2701 534 2780 magis
591 2700 900 2781 primitivis
970 2698 1427 2760 Protestantibus
1492 2698 1952 2758 commendanda

221 2776 354 2851 fuit,
400 2797 642 2862 propter
690 2771 992 2842 obscuram
1031 2779 1196 2840 illam
1234 2777 1582 2849 barbariem,
1626 2777 1738 2856 qua
1782 2778 1952 2838 Chri·
2031 2835 2038 2840 .

221 2859 429 2920 stianus
469 2864 626 2922 orbis
672 2861 1150 2933 obnubilabatur,
1223 2860 1280 2920 in
1336 2858 1531 2919 seculis
1584 2857 1951 2919 reformatio-

225 2961 358 3000 nem
380 2941 712 3003 immediate
740 2941 1237 3024 praecedentibus·,
1301 2939 1578 3020 siquidem
1615 2938 1947 3019 linguatum

224 3023 484 3100 cognitio
521 3045 591 3083 eo
639 3040 926 3103 tempore,
971 3023 1155 3081 donec
1203 3038 1340 3081 tunc
1389 3019 1698 3079 restaurata
1737 3019 1819 3077 est
1840 3037 1946 3097 per

227 3100 533 3169 Erasmum
575 3106 635 3164 ὅτ
684 3105 826 3164 alios
862 3103 1159 3185 quosdam,
1204 3102 1322 3161 fere
1363 3101 1557 3161 amiffa
1597 3101 1658 3156 δε
1698 3097 1946 3157 extincta.

223 3179 351 3239 fuit.
434 3185 589 3244 Haec
639 3185 929 3246 barbaries
992 3185 1062 3244 eo
1124 3182 1310 3262 magis
1354 3175 1736 3242 abominanda
1795 3193 1944 3248 erat,

227 3260 387 3340 quod
443 3279 599 3326 totus
659 3266 868 3341 cultuS,
930 3264 993 3329 ὅτ
1032 3265 1240 3347 populi
1300 3273 1496 3344 preces
1537 3255 1948 3400 lingugelgaeggza

1919 3378 1942 3410 ι
