2086 3640
781 72 874 135 De
914 71 1203 155 Baptismo,
1739 80 1857 162 353

0 192 33 222 .·
112 182 262 248 tismi
307 184 454 243 inter
483 177 824 243 Corinthios
864 180 1068 242 abusus
1109 175 1269 258 (quia
1308 174 1364 236 se
1404 174 1739 240 dividebant
1785 183 1868 240 se·-

93 266 363 329 -cundum
395 285 516 336 e05,
566 263 597 324 Ξι
649 263 859 344 quibus
901 260 1378 342 baptizabantur)
1427 259 1726 400 Acpostolo
1767 283 1866 322 oc·

112 347 400 410 cafionem
429 346 509 408 ita
539 344 812 428 loquendi
849 341 1179 424 praebuiffe,
1230 339 1327 401 sed
1361 361 1480 421 quo
1561 341 1642 403 rei
1687 343 1869 404 alicu-

99 431 196 512 jus
237 429 442 491 abusus
470 449 590 490 non
631 425 808 488 tollat
835 445 982 485 eam.
1069 424 1228 502 Resp.
1261 422 1488 484 Verum
1508 421 1610 495 est,
1662 425 1870 486 abusus

112 533 229 573 non
271 512 432 572 tollit
470 531 594 572 rem
635 508 855 574 licitam
896 506 959 565 δε
985 504 1375 576 necefl‘ariam,
1429 504 1492 564 δε
1520 506 1729 585 procul
1757 507 1870 568 du-

0 623 1 627 *
110 596 214 656 bio
262 596 337 654 ab
387 593 565 654 abusu
596 590 779 671 coepit
828 587 1153 668 Apostolus
1205 586 1570 648 occafionem
1612 585 1693 648 ita
1731 589 1867 649 scri-

0 705 25 727 n
114 676 304 737 bendi.
389 675 503 734 Sed
556 674 688 734 hinc
722 669 1135 740 confideremr,
1202 668 1507 748 quomodo
1538 671 1869 751 Apostolus

109 756 384 817 excludat
426 754 781 838 baptismum
824 773 1015 832 aqnae,
1067 771 1186 811 non
1243 766 1441 811 autem
1493 753 1870 832 praedicatio-

111 860 269 911 nem,
323 839 587 919 quamvis
616 836 818 898 abusus
868 834 963 896 ille
1003 831 1343 915 proveniret
1384 854 1500 893 non
1551 834 1740 894 minus
1790 839 1869 898 ab

115 922 222 981 hac
262 921 440 1002 quam
470 920 614 981 illo:
663 917 1116 980 denominabant
1143 915 1296 975 enim
1341 914 1395 975 se
1446 914 1536 974 isti
1578 917 1868 979 Corinthii

113 1006 191 1064 ab
228 1002 314 1075 iis,
361 1023 612 1083 quorum
661 997 1099 1082 praedicatione,
1150 1017 1266 1057 non
1317 998 1472 1057 secus
1513 998 1691 1078 quam
1731 1002 1868 1080 quia

114 1086 191 1145 ab
238 1085 316 1144 eis
368 1083 652 1166 baptizati
692 1100 877 1155 erant,
928 1079 1187 1142 Converfi
1243 1079 1493 1150 fuerant,
1547 1097 1635 1152 ut,
1683 1103 1746 1157 4,
1796 1103 1860 1158 5,

119 1167 176 1238 6,
226 1186 286 1247 7,
332 1166 466 1226 &8
499 1165 778 1234 verfibuS‚
825 1185 949 1245 cap.
992 1163 1066 1223 iii.
1098 1178 1360 1242 apparet.
1448 1161 1552 1221 Ad
1590 1164 1744 1223 hunc
1772 1180 1864 1224 ta-

114 1268 246 1309 men
288 1248 528 1309 abusum
560 1246 886 1308 tollendum
928 1266 1043 1306 non
1088 1246 1171 1305 ait
1209 1242 1555 1325 Apostolus,
1592 1245 1760 1326 'quod
1787 1248 1865 1306 ad

112 1331 548 1411 praedicandum
590 1329 781 1390 miffus
828 1349 944 1388 non
985 1344 1132 1399 erat,
1179 1347 1364 1406 neque
1405 1326 1639 1405 gaudet,
1702 1329 1866 1409 quod

112 1413 308 1492 paucis
337 1412 744 1492 praedicaverit
777 1438 795 1479 3
841 1411 996 1492 quia,
1065 1412 1202 1469 cum
1238 1408 1574 1488 praedicatio
1618 1409 1689 1468 fit
1730 1432 1862 1490 per-

113 1515 347 1554 manens
391 1494 673 1554 institutio
716 1495 775 1553 in
812 1491 1069 1564 ecclesia,
1112 1512 1230 1550 non
1275 1506 1519 1570 propter
1569 1492 1756 1551 ullum
1801 1515 1863 1554 a-

113 1576 318 1636 busum
366 1576 690 1647 hominum,
757 1574 979 1635 diaboli
1018 1571 1474 1654 suggestionibus
1510 1572 1575 1631 ea
1620 1575 1867 1635 abuten-

115 1657 285 1728 tium,
331 1656 413 1716 est
459 1656 832 1726 removenda,
893 1656 987 1714 vel
1030 1658 1104 1715 ab
1142 1654 1205 1712 iis
1247 1653 1585 1732 abjicienda,
1646 1657 1748 1735 qui
1790 1657 1865 1718 ad

23 1754 25 1758 '
108 1740 278 1798 illam
326 1739 715 1819 praestandam
756 1736 954 1797 divino
994 1736 1211 1817 Spiritu
1240 1752 1548 1807 vocantur,
1594 1735 1860 1819 ideoque,

117 1821 311 1902 quoad
363 1822 530 1891 hane,
578 1819 901 1903 Apostolus
931 1839 1056 1898 cap.
1111 1818 1185 1877 iii.
1232 1818 1370 1878 vers.
1418 1823 1478 1889 8,
1527 1841 1588 1897 9,
1634 1819 1866 1882 instruit

115 1925 238 1974 eOS,
284 1903 584 1984 quomodo
627 1903 718 1963 hic
748 1901 953 1962 abusus
976 1917 1361 1960 removeatur.
1449 1901 1631 1984 Qod
1664 1919 1860 1967 autem

114 1986 188 2044 ad
227 2007 394 2065 aquae
446 1985 821 2064 baptismum,
868 1986 1004 2042 cum
1034 2002 1150 2042 non
1194 1981 1369 2042 fuerit
1407 2003 1744 2061 permanens
1775 1986 1858 2044 in-

116 2067 340 2125 stitutio
389 2066 624 2137 Christi,
669 2065 766 2125 sed.
793 2085 898 2144 per
937 2063 1359 2144 indulgentiam
1400 2065 1592 2126 solum
1642 2066 1863 2146 Judaeis

119 2149 430 2218 conceffus,
476 2147 538 2205 δε
578 2147 608 2205 ὲ
647 2146 990 2231 quibusdam
1023 2145 1326 2226 Apostolis
1351 2147 1693 2228 quibusdam
1718 2170 1861 2230 gen-

115 2229 312 2290 tilibus
351 2228 792 2301 administratum
870 2228 1216 2310 ApostoluS,
1263 2230 1704 2310 quamprimum
1753 2235 1863 2293 ob-

10 2346 18 2386 :
115 2311 362 2371 servavit
418 2309 536 2390 ejus
577 2312 839 2382 abusum,
914 2310 1210 2370 mandavit
1271 2311 1607 2384 Corinthiis,
1680 2314 1860 2393 quam

13 2414 19 2458 ξ
118 2393 283 2472 parvi
324 2393 608 2453 momenti
655 2392 849 2466 fuerit,
923 2392 1301 2472 significando
1349 2394 1447 2465 eiS,
1492 2394 1744 2475 gaudere
1779 2397 1856 2466 se,

18 2499 19 2502 ¹
118 2474 276 2554 quod
333 2475 459 2534 tam
499 2474 693 2554 paucis
750 2475 1138 2537 ceremoniam
1180 2474 1347 2535 istam
1405 2476 1854 2548 administrasset,

16 2575 18 2577 ·
92 2557 181 2614 -&
221 2556 394 2636 plane
445 2556 507 2614 iis
555 2557 970 2627 annunciandO,
1037 2556 1197 2636 quod
1234 2557 1510 2617 misfionis
1560 2557 1675 2635 ejus
1727 2578 1858 2638 pars

119 2638 282 2697 nulla
321 2638 474 2697 effer.
564 2638 823 2721 Qidam
869 2642 1212 2718 interrogant,
1259 2639 1562 2718 quomodo
1592 2640 1858 2700 novimus

120 2719 403 2796 baptizare
443 2720 553 2778 hoc
602 2721 737 2779 loco
778 2720 850 2778 de
893 2721 1036 2800 aqud
1079 2719 1351 2799 intelligi,
1396 2720 1458 2778 &
1485 2721 1693 2780 nonde
1730 2722 1859 2802 Spi-

124 2800 284 2859 ritu:
356 2800 515 2880 quod
578 2799 620 2857 fi
680 2802 752 2860 de
812 2801 1025 2881 Spiritu
1076 2800 1515 2880 intelligendum
1566 2803 1654 2873 fit,
1722 2819 1860 2864 tunc

122 2881 476 2961 baptismum
517 2881 763 2962 Spiritus
803 2903 918 2942 non
958 2882 1145 2942 minus
1195 2883 1372 2962 quam
1417 2905 1583 2964 aquae
1610 2885 1739 2945 inde
1759 2904 1859 2947 ex-

124 2963 329 3022 cludi?
425 2965 580 3041 Resp.
648 2964 770 3047 Qi
811 2963 922 3022 hoc
965 2963 1345 3046 interrogant,
1410 2987 1526 3025 non
1576 2966 1727 3037 ideo,
1794 2984 1862 3028 ut

83 3107 86 3109 Α
122 3045 361 3124 opinor,
408 3060 610 3124 agunt,
655 3043 936 3125 quodipfi
966 3045 1253 3118 dubitent,
1300 3068 1439 3106 num
1469 3048 1539 3107 de
1571 3048 1859 3128 baptismo

120 3147 291 3206 aquae
328 3127 440 3184 hoc
497 3126 630 3185 loco
670 3142 897 3207 agatur,
971 3126 1129 3205 quod
1178 3127 1330 3188 certe
1370 3129 1597 3189 abunde
1655 3147 1857 3210 patet:

125 3209 259 3267 cum
309 3207 460 3265 enim
492 3208 702 3268 Paulus
734 3206 1054 3287 Apostolus
1096 3208 1287 3268 miffus
1331 3208 1523 3282 fuerit,
1567 3228 1634 3271 ut
1658 3229 1858 3292 gentes

126 3286 157 3345 a
201 3289 446 3351 tenebris
491 3289 563 3351 ad
604 3290 792 3350 lucem
834 3290 895 3349 &
937 3290 1130 3351 Deum
1160 3308 1570 3361 converterem
1614 3294 1711 3375 qui
1753 3316 1870 3353 au--

1731 3392 1853 3435 tem
