2086 3640
216 94 295 151 26
484 85 1674 151 THESISSECUNDA.

213 196 354 267 taVI,
399 215 580 254 unum
632 192 919 273 fingulare
966 191 1359 253 testimonium
1387 214 1459 253 ex
1489 194 1735 254 Calvino
1775 195 1955 258 addu-

212 297 381 336 cam:
446 275 719 354 quoniam
762 273 1040 333 doetrinae
1097 273 1212 357 ejus
1250 274 1577 355 sequutores
1626 295 1743 334 non
1784 278 1952 356 pauci

206 356 379 431 (licut
427 354 748 413 timendum
797 354 879 412 est
920 353 1182 434 sentiant)
1244 355 1324 415 ita
1367 353 1528 434 hujus
1576 355 1818 435 Spiritus
1865 358 1951 418 in—

205 435 573 497 habitationis
601 434 781 506 viam,
827 434 988 514 quasi
1027 435 1308 496 incertam
1334 437 1397 495 δε
1419 436 1818 516 periculosam,
1864 459 1952 497 re·-

208 516 403 576 cusant
442 517 502 573 &
529 514 794 577 derident
827 542 847 584 3
891 534 978 589 ut,
1025 516 1066 578 fi
1096 538 1212 578 non
1259 517 1576 598 Scripturae
1618 517 1953 578 testimoniis

205 596 573 675 aliorumque
617 595 799 670 dietis,
848 619 953 658 nec
996 598 1149 658 recita
1181 598 1423 670 ratione,
1469 599 1670 659 saltem
1689 619 1953 679 praecep·

206 678 345 737 toris
372 677 451 736 sui
488 678 677 737 verbis
718 696 1054 759 arguantur.
1139 680 1275 738 Inst.
1314 679 1413 739 lib.
1458 679 1535 738 iii.
1567 700 1693 760 cap.
1728 700 1782 739 2.
1815 680 1951 739 Cal-

204 758 366 817 vinus
397 780 411 815 :
478 769 496 795 ⁶
544 761 715 840 Atqui
739 765 1038 822 temeraria*
1076 761 1495 840 praesumptionis
1534 760 1629 838 effi·
1666 762 1952 837 causantur

208 853 226 876 ⁶
269 840 624 900 indubitatam
658 841 954 903 voluntatis
1000 843 1196 902 divina·
1235 844 1478 901 notitiam
1502 843 1614 918 fibi
1647 862 1905 921 arrogare
1931 861 1953 898 .·

208 933 226 958 ⁶
260 922 359 999 sed
403 920 610 1000 quidem
658 922 773 983 illis
829 925 1170 992 concederem,
1228 924 1287 999 fi
1334 935 1545 981 tantum
1587 923 1732 982 nobis
1777 924 1953 1000 sume-

207 1015 226 1039 ⁶
271 1024 463 1073 remus,
510 1017 570 1063 ut
617 1006 811 1085 ingenii
864 1007 1027 1080 nostri
1069 1005 1359 1064 temeritati
1385 1004 1640 1085 subjicere
1691 1002 1952 1063 vellemus

206 1094 227 1120 ⁶
268 1085 774 1161 incomprehenfibile
827 1087 937 1145 Dei
979 1085 1264 1163 confilium.
1348 1084 1455 1143 Sed
1497 1086 1590 1144 ubi
1634 1083 1955 1162 simpliciter

205 1176 224 1202 ⁶
269 1186 383 1223 cum
422 1166 601 1225 Paulo
636 1167 871 1237 dicimus,
943 1187 1034 1227 nos
1070 1166 1309 1246 accepzffi’
1353 1186 1461 1226 non
1494 1167 1749 1245 spiritum
1795 1165 1952 1247 hujus

205 1256 224 1283 ⁶
269 1247 468 1316 mundi,
527 1248 627 1325 fied
661 1250 920 1326 Spiritum
961 1250 1051 1328 qui
1085 1270 1150 1308 ex
1185 1249 1302 1308 Deo
1333 1250 1428 1316 est,
1474 1269 1572 1327 quo
1609 1245 1818 1306 docente
1840 1247 1949 1325 fii·

203 1339 226 1365 ⁶
270 1349 418 1387 amus
474 1350 587 1407 quae
655 1331 690 1388 a
750 1331 867 1390 Deo
916 1330 1112 1390 donata
1152 1332 1286 1408 sunt
1343 1329 1483 1389 nobis
1514 1353 1536 1396 ς
1594 1327 1723 1409 quid
1763 1340 1951 1388 contra

200 1421 223 1447 ⁶
266 1410 550 1489 obgannire
575 1412 802 1490 poffitnt,
864 1415 989 1492 quin
1014 1413 1270 1489 spiritum
1308 1411 1418 1470 Dei
1464 1407 1818 1488 contumeliose
1863 1412 1950 1469 in-

205 1501 224 1527 ⁶
265 1492 453 1568 ceffant
480 1493 511 1547 ?
573 1491 736 1571 Qod
759 1495 815 1569 fi
856 1494 924 1552 ab
966 1494 1069 1569 ipso
1113 1494 1410 1570 prosettam
1449 1489 1825 1554 revelationem
1855 1487 1952 1549 vel

203 1584 222 1609 ⁶
267 1571 540 1642 mendacii,
606 1574 699 1632 vel
734 1576 1135 1642 incertitudinis,
1203 1573 1295 1632 vel
1327 1574 1684 1654 ambiguitatis
1730 1571 1947 1648 insimu-

201 1665 222 1692 ‘
265 1652 404 1723 lare,
450 1654 767 1714 horrendum
816 1659 896 1713 eft
924 1653 1266 1734 fhcrilegium
1299 1677 1318 1719 ;
1383 1656 1440 1713 in
1483 1652 1757 1732 affi’rendd
1790 1654 1948 1713 certi-

193 1749 223 1805 ἐ
267 1735 448 1794 tudine
492 1734 623 1815 quid
658 1736 1004 1816 delinquimus
1024 1736 1055 1792 ἒ
1119 1738 1314 1795 Verum
1354 1734 1447 1794 hoc
1483 1753 1679 1814 quoque
1701 1754 1803 1794 non
1838 1752 1950 1792 va·

201 1829 222 1854 ⁶
265 1837 390 1874 care
448 1818 647 1897 magud
690 1820 986 1878 temeritate
1031 1816 1359 1887 exclamant,
1423 1814 1561 1896 quod
1624 1814 1688 1889 de
1748 1813 1951 1890 Christi

204 1909 225 1935 ⁶
251 1898 451 1973 spiritu
484 1901 569 1975 stc
618 1898 867 1958 audemus
902 1899 1150 1980 gloriari.
1239 1897 1380 1976 Qtis
1408 1895 1590 1956 credat
1614 1908 1825 1957 tantum
1853 1895 1951 1974 effi:

205 1990 226 2015 ⁶
268 1979 481 2054 istorum
526 1981 814 2056 stuporem,
870 1983 960 2059 qui
1026 1981 1165 2039 orbis
1212 1980 1451 2058 magistri
1496 1975 1687 2038 volunt
1732 1976 1945 2048 haberi,

205 2072 226 2096 ⁶
269 2074 330 2117 ut
392 2063 447 2118 in
480 2064 675 2138 primis
738 2061 1030 2141 Religionis
1077 2059 1338 2120 elementis
1387 2059 1516 2119 adeo
1560 2060 1791 2137 turpiter
1847 2060 1946 2116 im-

206 2154 225 2178 ⁶
258 2144 489 2221 pingant
516 2143 546 2198 ,Ρ
630 2144 789 2202 Mihi
837 2144 973 2202 certe
1014 2141 1263 2202 credibile
1297 2160 1399 2200 non
1446 2140 1582 2219 effl’t,
1644 2141 1744 2217 nisi
1781 2139 1943 2215 telta—

205 2233 225 2265 ⁶
266 2236 472 2293 rentur,
518 2245 635 2303 quae
683 2238 888 2294 extant,
933 2245 1118 2284 eorum.
1137 2224 1361 2301 scripta.
1458 2220 1670 2281 Paulus
1725 2239 1806 2280 eos
1853 2219 1943 2279 de·

205 2315 225 2340 ⁶
269 2324 410 2362 mum
443 2304 592 2378 filios
647 2307 757 2366 Dei
801 2309 1143 2384 pronunciat,
1217 2305 1308 2385 qui
1361 2305 1467 2385 ejus
1521 2304 1727 2380 Spiritu
1776 2322 1946 2381 agun-

207 2397 227 2421 ⁶
268 2398 404 2450 tur;
477 2386 534 2443 hi
578 2390 668 2468 agi
712 2390 935 2464 proprio
982 2389 1211 2464 Spiritu,
1285 2385 1469 2445 divino
1525 2397 1699 2443 autem
1746 2401 1946 2442 vacuos

207 2476 226 2503 ⁶
270 2467 366 2544 effe
389 2466 598 2538 volunt,
644 2471 735 2547 qui
774 2471 905 2546 sunt
945 2468 1064 2544 filii
1110 2468 1239 2528 Dei.
1325 2465 1433 2526 Ille
1484 2465 1662 2526 Deum
1716 2466 1752 2523 ὰ
1798 2465 1947 2524 nobis

208 2559 226 2583 ⁶
272 2549 498 2608 Patrem
547 2549 832 2627 appellari
863 2549 1022 2619 docet,
1068 2550 1276 2626 Spiritu
1304 2547 1467 2607 talem
1483 2568 1660 2607 vocem
1687 2545 1941 2615 distante,

208 2639 228 2666 ⁶
271 2633 359 2708 qui
400 2630 543 2708 solus
597 2632 941 2706 testimonium
987 2629 1207 2690 reddere
1251 2630 1419 2708 potest
1459 2628 1696 2706 spiritui·
1744 2627 1940 2702 nostro,

207 2722 226 2748 ⁶
269 2711 404 2790 quod
426 2711 543 2785 filii
578 2713 687 2771 Dei
720 2713 905 2791 fiemus
935 2737 955 2778 ·,
1000 2712 1077 2781 hi,
1121 2711 1326 2788 tametfi
1373 2711 1410 2769 ιὶ
1459 2711 1569 2770 Dei
1616 2710 1946 2769 invocatione

209 2802 228 2829 ⁶
272 2813 372 2850 non
422 2807 618 2862 arcent,
669 2795 930 2871 Spiritum
970 2806 1147 2861 tamen
1190 2792 1528 2868 abstrahunt,
1593 2792 1738 2871 cujus
1782 2788 1946 2849 dub‘tu

209 2885 228 2911 ⁶
270 2876 373 2932 rite
410 2874 730 2934 invocandus
778 2887 914 2935 erat.
1000 2873 1108 2933 Ille
1152 2874 1353 2950 Christi
1385 2875 1574 2952 servos
1628 2871 1722 2950 effi·
1763 2883 1939 2951 negat,

208 2965 227 2992 ⁶
269 2958 360 3034 qui
421 2976 519 3014 non
576 2969 809 3036 aguntur
881 2958 1091 3035 Spiritu
1141 2956 1343 3033 Christi
1382 2977 1403 3013 .·
1498 2956 1557 3014 hi
1600 2951 1943 3029 Christianis-'-
2006 2980 2009 2983 *

207 3047 227 3072 ⁶
271 3057 412 3094 mum
453 3039 750 3118 confingunt
804 3039 1012 3115 Spiritu
1036 3037 1238 3115 Christi
1285 3056 1387 3096 non
1423 3036 1750 3116 indigentem.
1831 3030 1941 3090 Ille

209 3128 229 3153 ⁶
270 3117 478 3175 nullam
523 3119 686 3177 beatoe
732 3120 1122 3197 refzcrrettionis
1156 3121 1306 3198 spem
1338 3119 1505 3197 facit,
1548 3118 1646 3194 nist
1672 3113 1936 3190 Spiritum

210 3208 243 3269 ⁶¹
272 3199 327 3255 in
376 3199 518 3256 nobis
571 3200 873 3277 residentem
909 3202 1201 3280 sentiamus
1225 3224 1247 3268 ·,
1311 3200 1369 3259 hi
1431 3199 1578 3278 spem
1629 3193 1733 3255 tali
1784 3193 1939 3271 st’nfit

210 3288 228 3356 ⁶
270 3298 499 3338 vacuam
539 3282 848 3365 confingunt.
932 3280 1038 3343 Sed
1068 3280 1438 3360 respondebunt
1466 3278 1680 3398 forsan,
1714 3295 1853 3434 'Jim'z
1875 3276 1940 3366 fi}

150 3371 152 3373 ’
1042 3400 1045 3402 -
1704 3377 1758 3417 m
1799 3375 1936 3417 ciart

2083 787 2086 834 ἰ

2082 859 2086 906 ἔ
