2086 3640
293 83 413 155 428
502 79 883 140 THESJS
920 80 1374 144 DECIMA
1406 62 1869 167 'QUARTA

292 203 658 272 argumentum
697 190 917 261 diaboli,
963 188 1104 270 quod
1133 203 1318 250 contra
1357 212 1530 271 omnes
1561 197 1714 270 petit.
1798 197 1882 256 Et
1921 218 2030 278 po-

291 271 408 332 stea
452 271 553 343 ait,
606 271 738 350 quia
780 272 989 331 Ariani
1035 270 1092 341 in
1135 271 1373 332 exilium
1417 273 1730 334 mittebant
1768 297 1884 350 eos,
1930 280 2028 359 qui

289 372 494 412 eorum
535 352 915 413 decretalibus
963 351 1311 413 subscribere
1359 352 1827 431 aspernabantur,
1891 362 2035 440 quod

286 433 661 502 declarabant,
706 433 850 512 quod
884 434 1202 510 Christianis
1243 436 1506 494 contrarii
1522 447 1703 509 erant,
1750 443 1907 499 amici
1928 463 2026 501 au-

287 526 392 575 tem
430 513 630 574 diaboli
666 515 736 575 &
774 514 1145 575 daemoniorum
1180 517 1304 597 ejus.

370 595 435 653 A
450 593 507 653 T
534 616 693 665 nunc,
727 597 872 673 proh
898 596 1095 656 dolor!
1138 596 1322 675 inquit
1360 595 1645 668 HilariuS,
1694 598 1742 670 †
1786 599 2030 662 divinam

271 674 444 750 fidem
490 676 766 758 suffragia
803 689 1019 738 terrena
1078 677 1452 748 commendant,
1519 681 1756 759 inopsque
1807 685 2028 743 virtutis

271 756 391 834 suoe
442 756 709 834 Christus,
783 759 908 819 dum
950 760 1163 819 ambitio
1186 761 1398 837 ⁴nomini
1416 760 1514 837 suo
1550 760 1882 833 conciliatur,
1929 785 2024 823 ar-

279 841 488 917 guitur.
575 837 762 900 Terret
803 840 980 901 exiliis
1041 840 1110 902 {9²
1171 838 1469 900 carceribus
1503 839 1736 919 ecclelia,
1789 844 2030 924 credique

266 918 381 995 fibi
425 920 579 1000 cogit,
625 941 738 1000 qua·
764 921 939 982 exiliis
976 922 1047 984 ὅ
1075 922 1372 982 carceribus
1406 923 1479 998 est
1518 922 1738 982 credita.
1823 926 2030 986 Pendet

282 999 362 1058 ad
397 1000 745 1081 dignationem
793 1005 1305 1073 communicantium,
1352 1023 1467 1082 quae
1500 1005 1916 1084 persequentium
1957 1007 2030 1082 est

279 1081 578 1159 consecrata
636 1095 856 1143 terrore.
942 1085 1121 1166 Fugat
1167 1084 1482 1161 sacerdotes,
1546 1105 1663 1163 quae
1696 1087 1907 1168 fugatis
1952 1089 2025 1163 est

261 1162 623 1239 sacerdotibus
673 1177 996 1246 propagata.
1081 1164 1260 1246 Diligi
1306 1167 1370 1242 se
1409 1165 1680 1245 gloriatur
1722 1167 1759 1226 ὰ
1809 1168 2075 1248 mundo&

278 1263 397 1323 quae
441 1244 644 1320 Christi
688 1247 783 1326 ff
828 1268 931 1305 non
970 1250 1164 1323 potuit,
1210 1248 1310 1322 nist
1342 1267 1459 1305 eam
1496 1246 1722 1307 mundus
1759 1248 1952 1328 odiffiet.

361 1325 420 1386 F
422 1327 479 1382 U
482 1324 555 1382 N
559 1325 621 1383 D
634 1326 690 1383 E
700 1326 767 1384 N
770 1328 832 1387 D
844 1327 894 1384 Ο
919 1329 1250 1407 sanguinem,
1274 1325 1460 1405 inquit
1484 1328 1910 1409 HieronymuS,
1936 1332 2021 1407 (a)

278 1404 352 1464 ὃ
379 1406 631 1481 patiendo
677 1429 766 1467 ma
798 1411 861 1475 is,
927 1409 1086 1487 quam
1120 1409 1370 1485 faciendo
1417 1408 1772 1481 contumelias,
1820 1410 2024 1486 Christi

262 1486 509 1565 fundata
561 1487 634 1562 est
680 1509 761 1547 ecc
785 1509 814 1545 e
834 1509 907 1546 za.
994 1488 1443 1565 Persecutionibus
1496 1491 1687 1558 crevit,
1752 1494 2025 1573 martyriis

275 1580 532 1626 coronata
571 1567 661 1644 est.

357 1648 487 1726 (b)
531 1650 912 1709 Amnnosms
945 1648 1307 1709 Auxentium
1359 1647 1653 1709 Arianum
1703 1648 2023 1730 redarguit,

275 1729 391 1789 hoe
443 1729 645 1800 modo,
710 1734 821 1812 qui,
885 1728 1003 1789 scil.
1057 1730 1405 1800 AuxentiuS,
1472 1751 1597 1810 quos
1645 1751 1748 1791 non
1785 1736 2021 1810 potuerit

257 1814 502 1890 sermone
540 1811 794 1889 decipere,
839 1832 919 1871 eos
955 1809 1136 1892 gladio
1166 1824 1332 1889 putat
1365 1811 1459 1890 ff
1501 1811 1793 1890 feriendos,
1837 1833 2023 1874 cruen-

273 1906 360 1952 tas
401 1893 531 1972 leges
582 1913 673 1952 ore
711 1894 937 1964 distans,
1005 1913 1167 1952 manu
1199 1894 1456 1969 scribens,
1504 1892 1575 1956 δέ
1619 1906 1840 1971 putans,
1918 1895 2029 1955 uod

278 1973 366 2033 lex
408 1973 578 2047 fidem
616 1975 770 2051 poffit
808 1974 1098 2034 hominibus
1146 1977 1427 2050 imperare.
1513 1977 1612 2052 (c)
1653 1973 1818 2034 Idem
1934 1996 2021 2034 m-

274 2051 498 2114 brofius
541 2053 642 2123 ait,
689 2054 831 2134 qubd
873 2058 929 2114 in
961 2054 1205 2113 Galliam
1244 2055 1421 2114 abiens
1470 2055 1759 2130 abstinebat
1796 2056 1864 2116 ab
1891 2056 2018 2135 episl

270 2137 426 2212 copis,
473 2137 563 2215 qui
589 2136 1038 2196 communicabant
1075 2138 1145 2205 ei,
1189 2137 1282 2216 qui
1300 2134 1395 2195 vel
1427 2133 1648 2217 aliquos,
1688 2135 1862 2198 devios
1895 2137 2016 2199 licet

276 2215 323 2274 a·
357 2216 493 2289 fide,
535 2216 613 2275 ad
635 2238 804 2277 necem
822 2217 1089 2294 petebant.

354 2297 443 2375 (d)
485 2297 770 2357 MARcm
812 2297 1158 2378 imperator,
1202 2295 1303 2377 qui
1342 2295 1651 2356 concilium
1690 2295 2019 2358 Chalcedo-

270 2378 437 2436 nense
479 2377 882 2458 congregavit,
949 2379 1211 2447 declarat,
1255 2376 1396 2438 velle
1420 2378 1482 2456 se
1519 2379 1772 2437 neminem
1814 2400 2010 2460 cogere,

269 2472 331 2518 ut
365 2472 550 2519 contra
569 2459 899 2520 voluntatem
924 2461 1136 2522 concilio
1166 2457 1568 2536 Chalcedonenst
1572 2457 1934 2538 subscriberet.

351 2544 441 2620 (e)
474 2540 529 2599 E
553 2561 595 2599 τ
639 2540 860 2600 Hostus
882 2542 1177 2622 episcopus
1218 2539 1602 2600 Cordubenfis
1643 2539 1822 2619 longe
1851 2555 2016 2602 antea

268 2622 530 2692 testatur,
573 2622 787 2701 noluiſjb
819 2622 1181 2700 Constantium
1199 2622 1580 2701 Imperatorem
1605 2623 1876 2701 optimum,
1907 2622 2017 2683 ali-

268 2725 441 2785 quem,
485 2716 548 2763 ut
595 2704 912 2765 orthodoxus
942 2708 1042 2784 stt,
1088 2725 1278 2786 cogere.
2085 2782 2086 2786 ἵ

349 2788 370 2859 (
393 2783 456 2864 f)
480 2786 722 2845 Ammo
751 2784 927 2845 etiam
954 2786 1035 2846 ait
1055 2784 1344 2855 Hilariu3,
1402 2785 1552 2844 Deus
1578 2786 1907 2865 cognitionem
1921 2786 2014 2864 fici
2085 2790 2086 2797 ’

266 2866 440 2927 docuit
450 2869 649 2945 potius,
695 2867 857 2947 quam
884 2871 1071 2950 exegit,
1120 2867 1190 2929 &⁹
1223 2869 1582 2946 operationum
1608 2865 1881 2942 caelestium
1901 2866 2005 2961 ad·'
2084 2861 2086 2908 ἶ

770 2971 782 2985 x
1731 2960 2011 3007 miratione

328 3132 367 3191 ἦ·
403 3135 508 3183 Hil.
551 3142 718 3183 contra
747 3135 878 3182 Aux.
936 3133 959 3191 (
976 3139 1042 3193 a)
1075 3132 1285 3180 Hieron.
1318 3127 1459 3192 epist.
1491 3133 1577 3180 62.
1601 3130 1666 3180 ad
1707 3127 1835 3178 The.
1893 3123 2014 3187 (b)

251 3197 435 3246 ⁴Ambr.
452 3195 594 3262 epist.
636 3211 714 3259 32.
743 3206 865 3247 tom.
898 3213 945 3258 3.
1011 3200 1034 3256 (
1061 3211 1089 3246 c
1113 3202 1138 3256 )
1170 3196 1340 3246 Ambr.
1377 3192 1514 3260 epist.
1554 3208 1636 3258 27.
1692 3196 1719 3253 (
1741 3194 1774 3241 d
1795 3198 1821 3252 )
1851 3194 2009 3241 Marc.

261 3258 404 3324 epist.
425 3263 487 3311 ad
516 3263 834 3312 Archimand.
851 3262 945 3311 διε.
966 3265 1105 3310 Mon.
1126 3263 1215 3326 Eg.
1236 3261 1282 3310 in
1306 3257 1413 3309 asta
1434 3260 1613 3319 concil.
1629 3256 1800 3332 ijalc.
1819 3262 1940 3330 tom.
1959 3268 2014 3306 2.

257 3338 399 3444 {gnte-
420 3337 565 3444 geta.t
595 3329 617 3384 (
639 3341 669 3375 e
686 3332 709 3388 >
742 3325 898 3456 Ηεέῑέἰ)
920 3325 1063 3445 ἒὶίξιῑ
1089 3327 1155 3375 ad
1175 3323 1366 3444 §ingr-¹
1372 3324 1657 3438 1:apud-Ath-
1686 3335 1737 3372 m
1769 3318 1913 3389 ep1st.
1943 3322 2008 3371 ad

327 3405 505 3444 lono
566 3403 730 3445 orn-10
1063 3406 1158 3442 010
1413 3420 1432 3440 ο
