2086 3640
242 88 359 130 222
646 70 1125 132 THESIS
1202 72 1575 137 NONA.

318 179 611 247 Tam-10,
655 176 811 236 dedit
858 177 1037 257 igitur
1074 178 1228 239 Deus
1285 181 1681 258 compluribus
1725 184 1832 244 suis
1880 189 1950 248 fi-

234 263 339 331 liis,
384 260 446 319 &
482 258 746 320 omnibus
787 274 1020 338 paratus
1055 258 1136 318 est
1155 259 1313 330 dare,
1358 259 1504 320 hanc
1523 263 1948 339 certitudinem,

237 343 349 422 qua
385 340 598 401 norunt
643 341 696 399 se
733 338 849 417 ejus
888 341 1033 412 effe,
1061 339 1333 420 quodque
1369 339 1400 398 ὲ
1442 361 1616 402 manu
1660 344 1777 424 ejus
1826 351 1952 429 rapi

234 446 352 486 non
438 422 641 483 offunt.
725 421 837 480 Sed
879 421 1004 482 haec
1051 421 1336 481 certitudo
1371 441 1489 482 non
1535 424 1671 485 effet
1717 428 1949 489 certitu-

233 506 336 579 do,
381 444 434 562 ¹1¹³
472 502 580 583 qui,
610 503 725 563 hoc
774 502 955 564 modo
1001 502 1142 563 certi
1180 503 1328 572 sunt,
1374 521 1491 563 non
1538 506 1954 568 confirmaren-

234 603 333 647 tur
379 586 442 645 &
485 585 869 646 stabilirentur
934 584 1087 644 ultra
1146 604 1382 644 omnem
1423 584 1836 648 haesitationem
1891 590 1955 649 ὃν.

235 665 682 736 dubitationem,
726 666 787 724 δε
823 665 864 724 fi
906 665 984 725 ita
1022 663 1113 736 fit,
1160 666 1294 724 t'unc
1336 664 1685 745 impossibile
1729 670 1811 728 est
1844 669 1951 732 illo

235 769 450 820 carere,
523 746 681 827 quod
723 747 878 806 Deus
927 746 990 805 iis
1040 761 1262 805 certum
1304 744 1458 806 fecit.
1543 749 1727 832 Qod
1759 766 1953 812 autem

233 830 365 890 talis
426 827 711 888 certitudo
768 828 824 888 in
873 827 979 887 hac
1022 825 1138 887 vita
1200 827 1417 907 acquiri
1471 831 1668 908 poffit,
1730 831 1955 893 abunde

232 911 488 971 declarat
530 910 823 991 Scriptura
867 909 929 968 &
977 909 1035 967 in
1083 909 1334 988 generali
1378 919 1437 974 δί
1474 909 1827 989 particulari,
1885 930 1952 972 ut

234 992 430 1073 primo
473 994 668 1072 Apoc‚
711 990 785 1050 iii.
834 1011 925 1051 12.
968 993 1058 1071 qui
1101 993 1313 1061 vicerit,
1345 992 1557 1070 faciam
1574 990 1728 1052 illum
1761 993 1955 1053 colum-

232 1096 361 1134 nam
409 1076 465 1133 in
509 1072 697 1152 templo
736 1073 845 1132 Dei
890 1075 1012 1142 mei,
1058 1071 1129 1133 δά
1164 1073 1325 1150 foras
1367 1094 1468 1133 non
1502 1073 1796 1154 egredietur
1841 1097 1955 1135 am-

224 1155 375 1234 pliics
405 1155 519 1216 &c.
583 1154 742 1234 quod
789 1152 1043 1214 continet
1087 1173 1459 1212 communem
1507 1154 1776 1215 omnibus
1821 1176 1959 1236 pro-

235 1236 577 1296 miffionem.
649 1235 813 1295 Hinc
855 1233 1174 1314 Apostolus
1210 1234 1280 1293 de
1320 1235 1662 1313 quibusdam
1702 1234 1955 1316 fignatiS,

240 1336 271 1376 2
297 1319 434 1377 Cor.
486 1317 522 1376 i.
566 1335 661 1375 22.
727 1316 842 1396 Qi
859 1317 1107 1396 stgnavit
1146 1337 1257 1386 nos,
1322 1316 1392 1378 ἐξ
1438 1315 1577 1376 dedit
1600 1319 1792 1408 pignus
1839 1321 1960 1396 Spi-

234 1400 373 1458 ritds
415 1402 471 1458 in
519 1398 755 1458 cordibus
790 1399 977 1473 nostris
1005 1419 1024 1454 .·
1069 1396 1357 1475 signatura
1394 1396 1571 1478 igitur
1591 1397 1839 1478 Spiritus
1866 1399 1954 1458 di-

238 1479 387 1538 citur
435 1479 543 1537 effe
576 1477 781 1559 pignus
822 1477 1170 1537 haereditatis
1208 1477 1441 1548 nostrae,
1487 1477 1642 1556 Eph.
1672 1478 1708 1537 i.
1743 1500 1834 1557 13.
1893 1482 1962 1541 In

235 1582 331 1639 quo
355 1560 422 1621 ἑά
462 1580 556 1618 vos
577 1561 780 1639 fignati
807 1559 921 1634 estis
955 1559 1161 1635 Spiritu
1168 1559 1512 1634 promzffionis
1522 1559 1752 1635 fiznaefz‘m
1797 1561 1956 1620 ideo-

234 1661 348 1721 que
390 1640 710 1721 Apostolus
746 1659 862 1699 non
899 1637 1088 1698 solum
1122 1637 1227 1697 illo
1263 1639 1338 1697 ad
1372 1639 1550 1698 Rom.
1586 1639 1756 1719 supra
1783 1640 1960 1703 citato

234 1722 337 1792 ait,
382 1722 435 1780 se
476 1721 627 1781 hunc
663 1720 875 1780 statum
896 1719 1172 1800 adeptum
1199 1718 1402 1788 fuiffe3
1445 1719 1536 1780 sed
1562 1738 1594 1778 2
1616 1721 1779 1781 Tim.
1796 1722 1873 1783 iv.
1901 1742 1955 1803 7.

233 1804 492 1863 affirmat
519 1803 603 1862 his
625 1801 831 1873 verbiS,
876 1802 1081 1862 Bonum
1100 1813 1362 1862 certamen
1397 1804 1626 1873 certavi,
1658 1802 1774 1865 &a
1795 1806 1961 1884 quod

235 1884 413 1944 etiam
434 1884 529 1945 alii
549 1884 875 1964 complures
904 1883 1043 1944 boni
1083 1883 1154 1942 de
1173 1882 1362 1963 seipfis
1380 1883 1674 1948 testantur.
1757 1886 1961 1969 Qum

237 1965 369 2024 ideo
416 1966 556 2025 nihil
611 1965 794 2045 magis
837 1962 1200 2024 manifestum
1228 1965 1335 2024 effe
1356 1966 1550 2045 possit,
1594 1964 1772 2046 quam
1794 1967 1961 2046 quod

239 2045 406 2124 hujus
445 2047 614 2106 seculi
660 2046 949 2105 luculenta
996 2044 1343 2125 experientia
1397 2045 1746 2118 declaratur,
1820 2066 1958 2106 con-

240 2144 481 2206 gruente
525 2148 659 2187 cum
702 2126 967 2207 priorum
998 2126 1328 2186 seculorum
1363 2125 1734 2206 experientia,
1797 2126 1956 2187 vide-

239 2230 369 2270 mus
410 2210 471 2268 &
519 2209 665 2268 olim
731 2219 791 2273 ὅ(
858 2206 1029 2266 hodie
1067 2205 1246 2277 fuisse,
1319 2206 1418 2287 qui
1459 2207 1711 2286 gratiam
1748 2206 1861 2268 Dei
1899 2209 1959 2270 in

241 2290 528 2351 luxuriam
566 2289 996 2360 transtulerunt,
1041 2287 1103 2346 ὅτ
1141 2289 1238 2368 qui
1286 2287 1314 2346 a
1369 2287 1484 2346 fide
1521 2289 1583 2346 &
1631 2289 1960 2369 integritate
2059 2300 2063 2303 ’

241 2372 337 2436 sud
366 2371 620 2453 prolapsi
649 2371 796 2440 sunt,
842 2369 1083 2449 ideoque
1130 2369 1260 2429 tuto
1297 2368 1640 2429 concludere
1668 2372 1959 2450 poffumus

242 2454 422 2514 talem
462 2451 803 2534 apostafiam
850 2452 957 2510 effe
1005 2450 1376 2530 poffibilem3
1419 2449 1666 2513 vidimus
1702 2451 1958 2518 etiam&

241 2535 387 2597 olim
462 2548 520 2601 ὅ(
570 2533 740 2594 hodie
807 2530 1124 2593 indubitata
1173 2530 1511 2592 certitudine
1553 2531 1770 2612 potitos
1823 2533 1955 2605 effe,

239 2634 549 2697 antequam
577 2636 646 2675 ex
678 2616 788 2674 hoc
817 2613 1039 2674 mundo
1061 2613 1320 2684 exierint,
1385 2612 1541 2693 quod
1567 2610 1749 2673 vitam
1790 2630 1959 2674 aeter-

241 2717 376 2759 nam
419 2696 765 2778 affequuturi
800 2695 994 2767 effent,
1036 2694 1098 2752 &
1136 2694 1362 2775 prorsus
1392 2693 1608 2754 mortui
1648 2693 1757 2754 fint
1805 2694 1957 2755 boni

240 2779 339 2839 illa
382 2781 478 2860 spe
519 2777 749 2848 imbuti,
793 2777 865 2837 de
912 2775 1119 2858 quibus
1153 2775 1327 2836 etiam
1369 2775 1479 2835 Dei
1525 2773 1765 2856 Spiritus
1793 2776 1960 2836 testa-

241 2877 333 2921 tus
375 2862 478 2933 est,
524 2860 683 2940 quod
735 2858 809 2918 ad
857 2860 1038 2919 coelos
1077 2856 1455 2918 ascenderunt.
1558 2856 1693 2940 Qui
1736 2865 1956 2916 ratione
2042 2859 2054 2897 Γ

240 2944 416 3005 etiam
469 2942 716 3004 vidimus
763 2941 913 3000 hunc
948 2940 1158 3001 statum
1200 2943 1255 2998 in
1292 2939 1397 2998 hac
1446 2937 1561 2998 vita
1606 2936 1953 3018 poffibilem,

246 3022 276 3079 a
321 3046 437 3104 quo
479 3044 594 3083 non
634 3023 802 3082 datur
844 3022 1145 3102 apostasia,
1208 3040 1344 3082 narn
1393 3021 1528 3080 cum
1567 3017 1808 3100 Spiritus
1842 3017 1956 3076 Dei
2040 3023 2049 3049 ²

246 3104 324 3163 ita
367 3107 598 3165 testatus
621 3102 710 3175 s1t,
755 3123 873 3163 non
901 3102 1161 3182 possibile
1189 3100 1297 3161 fuit
1322 3121 1418 3160 eos
1459 3099 1665 3181 perire,
1727 3097 1798 3156 de
1825 3097 1951 3177 qui-

247 3185 355 3244 bus
391 3185 509 3256 ille,
553 3185 652 3266 qui
693 3184 923 3247 mentiri
968 3182 1188 3268 nequit,
1232 3182 1311 3246 ita
1351 3177 1829 3263 pronunciaverit.

1657 3339 1717 3400 T
1723 3337 1954 3400 HESIS
