2086 3640
303 103 423 168 432
509 78 928 155 THESJS
985 59 1466 146 DE'CIMA
1500 81 1955 168 QUARTA.

299 219 475 258 onem
535 210 768 276 urgent,
840 192 904 251 δε
950 193 1305 254 conscientia:
1365 194 1695 257 libertatem
1748 201 2032 276 adimunt,

296 280 615 345 declarant,
676 278 730 334 se
770 272 953 353 magis
985 274 1377 345 MahumediS,
1423 274 1601 356 quam
1645 278 1854 343 Christi
1902 284 2033 363 Jesu

296 359 607 439 discipulos
657 355 785 427 effe,
851 355 911 414 ὅτ
962 355 1122 435 quod
1165 355 1439 436 Apostoli
1479 355 1760 420 doctrinae
1797 362 2037 425 minime

294 440 624 519 sequutores
646 437 793 506 sunt,
839 435 960 516 qui,
1016 459 1038 497 1
1070 437 1265 497 Theff.
1305 459 1362 496 v.
1392 456 1489 496 21.
1522 436 1693 516 jubet
1711 446 1885 504 omnia
1903 461 2037 523 pro-

296 522 445 592 bare,
491 516 631 601 quod
661 519 848 578 bonum
896 518 968 593 cst
1015 530 1190 578 tenere
1208 540 1229 578 .-
1289 519 1352 577 &
1390 517 1489 598 qui
1518 519 1619 590 ait,
1665 521 1843 583 Deum
1880 545 2033 586 reve-

295 603 536 662 laturum
593 601 687 680 effe
734 603 819 677 iis,
885 600 975 681 qui
1015 599 1180 659 aliter
1225 602 1469 679 sapiunt,
1538 601 1687 661 Phil.
1718 602 1796 663 iii.
1835 625 1926 682 15.
1971 609 2035 667 δε

291 705 413 743 non
449 682 609 765 quod
663 680 1188 754 verberationibus,
1233 681 1411 741 exiliis
1454 680 1517 739 &
1560 680 1813 745 caedibus
1853 687 2033 748 incul⁴

196 790 199 793 ·
298 765 415 825 cari
444 765 699 823 deberet.

246 849 252 854 ’
376 846 483 905 VI.
529 846 648 904 OM
673 865 713 902 N
733 865 753 917 ξ
777 864 802 903 s
846 859 1040 904 autem
1085 844 1452 924 persecutionis
1488 845 1921 923 fundamentum,
1965 866 2032 911 ut

291 926 458 1007 supra
484 926 933 994 demonstratur,
980 924 1060 983 est
1092 926 1338 1004 patiendi
1358 930 1560 1004 aversto
1588 952 1606 991 ς
1653 949 1828 988 nemo
1853 931 2027 1004 enirn,

292 1009 393 1087 qui
438 1007 617 1067 alium
660 1005 1014 1066 conscientiae
1036 1006 1196 1066 causa
1225 1008 1603 1087 persequitur,
1651 1029 1764 1088 pro
1790 1009 1884 1070 sua
1926 1032 2030 1092 pa*⁴

293 1091 488 1160 tietur‚
535 1089 577 1163 fi
617 1089 800 1148 vitare
832 1088 1059 1167 poffet;
1106 1091 1240 1148 cum
1268 1087 1573 1148 secundum
1609 1088 1783 1169 ipfius
1806 1091 2031 1174 dogma

292 1170 551 1241 deberet,
599 1169 902 1249 fipoterit‚
949 1167 1095 1228 illud
1117 1170 1177 1228 vi
1205 1168 1475 1240 stabilire,
1520 1171 1678 1250 quod
1697 1192 1901 1233 verum
1923 1176 2032 1235 effe

278 1249 526 1330 judicat,
573 1251 828 1329 adeoque
866 1250 1007 1309 alios
1059 1250 1134 1308 ad
1181 1250 1325 1308 illud
1371 1250 1705 1331 adurgere3
1749 1254 2027 1334 quocirca

289 1332 593 1392 videbatur
636 1331 779 1391 mihi
819 1351 1014 1411 operae
1057 1331 1332 1411 pretium,
1398 1332 1471 1391 ad
1513 1333 1834 1411 pleniorem
1883 1337 2028 1396 nati-

288 1433 466 1472 onum
518 1411 1009 1482 informationem,
1055 1411 1322 1490 quaedam
1361 1414 1614 1472 breviter
1655 1415 1937 1476 hocloco
1966 1418 2029 1477 de

286 1495 430 1552 verd
496 1494 930 1568 Christianarum
984 1493 1360 1570 perpffonum
1407 1496 1613 1554 nature?
1660 1495 2022 1576 subjungere,

287 1575 495 1654 quibus
538 1574 930 1634 fideliffimum
976 1572 1299 1631 admodum
1320 1571 1713 1634 testimonium
1734 1576 1844 1635 hoc
1872 1578 2027 1637 secu-

285 1657 349 1715 lo
380 1655 702 1736 praestitum
724 1654 822 1731 *est
860 1654 936 1714 ab
977 1653 1042 1711 iis
1065 1652 1319 1723 testibus,
1365 1674 1510 1734 quos
1536 1654 1822 1716 suscitavit
1844 1657 2022 1732 DeuS‚

285 1754 503 1816 praeter
563 1737 736 1817 quodx
770 1734 1157 1794 communiter
1218 1733 1588 1797 observatum
1626 1737 1708 1797 est
1742 1737 1774 1794 ὲ
1827 1739 2027 1801 multis

283 1819 440 1879 retro
488 1819 707 1890 seculi5‚
753 1817 876 1877 imo
917 1818 992 1877 ab
1029 1815 1329 1895 apostafiae
1375 1815 1558 1877 initio,
1646 1819 1788 1879 Non
1831 1835 2030 1893 tamen,

282 1899 585 1960 confilium
627 1919 826 1960 meum
872 1897 955 1957 est
1001 1897 1217 1977 aliquid
1260 1898 1674 1974 Protestantium
1721 1914 2023 1983 martyrum

272 1982 678 2059 perpeffionibus
718 1981 1024 2059 derogare,
1090 1999 1233 2059 quos
1290 1979 1541 2039 fideliter
1600 1981 1773 2062 egiffe
1817 1983 2020 2056 credo,

280 2063 590 2121 secundum
612 2061 795 2132 illam,
843 2080 1018 2140 quam
1050 2060 1343 2120 habebant
1378 2060 1470 2120 die
1492 2061 1614 2132 illo,
1660 2063 1890 2122 luminis
1915 2065 2024 2125 dis-

280 2144 695 2222 pensationem,
742 2142 803 2201 &
841 2161 1092 2222 quorum
1135 2140 1395 2221 plerique
1426 2143 1801 2221 persecutioni
1832 2145 2019 2216 hostes

278 2225 457 2294 fuere,
506 2239 573 2283 ut
603 2223 933 2283 testimoniis
961 2242 1166 2281 eorum
1188 2223 1424 2302 probari
1453 2224 1659 2302 potest.
1742 2223 1855 2285 Sed
1882 2247 2020 2288 vera

280 2305 602 2366 Christiana
643 2305 703 2363 &
734 2304 919 2363 fidelis
949 2304 1253 2363 tolerantia
1296 2306 1358 2363 δε
1398 2307 1685 2384 perpessio
1733 2306 1834 2377 est,
1880 2327 2020 2387 pro-

279 2388 453 2458 fiteri,
499 2386 656 2466 quod
697 2384 939 2466 persuafi
967 2384 1158 2443 sumus
1190 2403 1394 2444 verum
1426 2386 1556 2457 esse,
1600 2387 1662 2444 ὅτ
1699 2386 1779 2446 ita
1815 2408 2013 2467 agere,

275 2467 633 2550 perficiendo
680 2487 817 2547 erga
848 2468 1043 2526 Deum
1073 2465 1318 2535 cultum,
1384 2486 1562 2546 quum
1613 2467 1685 2527 fit
1730 2468 2017 2530 indubita-

275 2568 402 2611 tum
442 2551 703 2608 nostr-um
727 2547 843 2627 jUS,
908 2567 1092 2627 neque
1132 2547 1316 2626 magis
1353 2567 1524 2626 agere
1553 2565 1795 2630 propter
1824 2550 2013 2612 homi·
2084 2589 2086 2623 ς

276 2652 413 2691 num
455 2631 734 2700 favorem,
781 2649 963 2709 neque
987 2630 1172 2691 minus
1210 2644 1452 2708 propter
1483 2628 1756 2691 timorem
1780 2651 2007 2705 eorum,

274 2713 368 2776 vel
434 2713 588 2792 leges
645 2727 746 2771 aut
803 2710 1033 2770 decreta
1079 2709 1579 2777 contradicentia;
1646 2711 1756 2772 hoc
1805 2713 2009 2785 modo,

273 2796 411 2853 cum
448 2795 538 2853 vir
568 2791 919 2851 Christianus
954 2790 1213 2851 debitam
1262 2790 1593 2852 libertatem
1637 2791 1796 2852 tanta
1844 2813 2012 2874 mag·

271 2875 605 2937 nanimitate
634 2873 694 2931 δῑ
735 2871 1049 2932 constantia
1090 2872 1151 2930 &
1189 2871 1326 2933 item
1370 2871 1690 2933 innocentia
1731 2874 2004 2946 vindicet,

269 2956 504 3016 tandem
546 2954 632 3014 illi
669 2974 890 3034 pacem,
936 2953 1071 3014 licet
1098 2973 1199 3032 per
1246 2953 1598 3033 sanguinem,
1645 2955 2001 3035 procurabit,

271 3055 337 3095 ut
370 3038 495 3097 haec
534 3051 673 3095 aetas
720 3034 1031 3094 secundum
1072 3035 1322 3114 aliquam
1374 3035 1698 3095 mensuram
1748 3035 2002 3105 testatur,

273 3128 332 3179 δί
381 3117 550 3177 multi
598 3116 801 3176 adsunt
839 3116 1024 3188 testeS,
1095 3115 1255 3196 quod
1300 3116 1363 3174 ὅτ
1403 3115 1589 3195 magis
1638 3114 1853 3175 mundo
1897 3133 2002 3192 ap-

271 3199 518 3287 parebit,
564 3213 740 3276 prout
775 3199 984 3256 veritas
1024 3196 1224 3256 locum
1260 3196 1315 3256 in
1354 3197 1503 3256 terra
1547 3195 1808 3256 inveniet.
1889 3194 2003 3254 Sed

274 3293 473 3337 contra
495 3279 867 3342 excellentem
898 3279 1044 3339 hanc
1064 3278 1328 3358 regulam
1359 3274 1712 3361 magnopere
1733 3291 1996 3356 peccant,

1901 3356 2000 3434 qui
