2086 3640
648 98 738 160 De
780 93 1186 175 Justificatz’one.
1667 113 1785 174 159

55 231 427 316 opposuifl‘e3
491 228 534 304 fi
572 228 686 310 ipse
717 225 776 286 in
823 224 983 285 aliud
1021 242 1347 287 extremum
1395 246 1511 288 non
1538 229 1785 302 abiisset,

57 317 154 392 (de
194 334 310 396 quo
354 312 574 394 postea)
641 327 788 388 opus
829 305 947 386 ejus
988 306 1201 367 diutius
1242 307 1516 370 stetifl‘et:
1561 330 1696 372 nam
1724 313 1784 373 in

2 429 4 431 ·
58 399 190 468 hoe,
238 395 382 455 ficut
415 392 474 456 in
511 389 710 452 multis
756 385 900 458 aliis,
947 388 1131 468 magis
1153 389 1468 450 laudandus
1512 391 1592 452 est
1615 393 1670 453 in
1692 395 1782 465 iis,

58 499 193 558 quae
240 499 311 537 ex
353 471 650 564 Babylone
696 467 926 540 evertit,
986 489 1161 547 quam
1199 492 1332 550 quae
1380 471 1496 552 ipse
1535 475 1789 537 aedifica-

58 560 163 618 vit.
248 552 542 640 Qicqurd
596 549 778 631 igitur
817 550 1181 630 praetendant
1203 553 1522 625 Pontificii,
1568 557 1662 616 vel
1683 557 1790 617 eti·

58 661 156 699 am
215 639 326 699 viri
367 633 506 697 boni
546 631 696 692 inter
731 651 829 691 eos
869 629 1181 711 aliquando
1222 633 1443 711 opinati
1494 635 1622 708 fint,
1688 661 1790 698 ex-

58 718 338 800 perientia
376 712 717 785 manifestat,
764 711 886 772 imo
929 727 1091 792 patet
1139 733 1209 771 ex
1265 714 1659 777 universali&
1685 741 1788 800 ap-

56 800 304 881 probata
353 795 715 878 populorum
756 793 1000 853 illorum
1034 794 1223 873 praxi,
1267 796 1429 874 quod
1459 796 1791 876 justificati-

56 902 234 942 onem
297 878 456 939 suam
517 891 737 958 ponant
788 895 913 935 non
966 890 1089 934 tam
1133 874 1191 935 in
1240 878 1511 956 operibus
1551 883 1687 941 vere
1720 883 1789 941 δε

61 962 365 1023 moraliter
396 960 582 1030 boniS,
629 958 800 1038 inque
852 955 988 1016 vera
1030 956 1091 1014 δε
1140 957 1277 1017 reali
1318 961 1523 1019 mentis
1547 981 1793 1023 renova-

58 1044 212 1104 tione
258 1043 322 1102 &
360 1040 802 1102 sanctificatione
825 1062 846 1105 3
886 1036 1068 1178 puam
1103 1038 1199 1097 vel
1236 1038 1293 1099 in
1334 1043 1523 1112 rebuS,
1569 1064 1699 1121 quae
1721 1066 1795 1106 ex

58 1126 114 1185 se
153 1146 258 1185 nec
309 1126 482 1185 bonae
522 1143 627 1182 nec
667 1120 838 1181 malae
910 1135 1036 1191 unt,
1100 1119 1195 1180 vel
1237 1119 1295 1179 in
1343 1122 1440 1192 εἰς,
1487 1144 1617 1202 quae
1653 1127 1792 1184 vere

61 1207 233 1267 malae
274 1205 391 1264 dici
427 1206 662 1284 poffint,
706 1222 812 1261 nec
847 1200 954 1260 alia
998 1201 1159 1261 causa
1202 1202 1380 1261 bonae
1408 1204 1523 1262 dici
1552 1208 1790 1284 poffint,

59 1289 241 1367 quam
278 1287 411 1366 quia
455 1288 634 1365 Papae
674 1283 869 1363 placet
928 1282 1125 1349 utita
1173 1283 1588 1344 existimentur.
1672 1287 1790 1361 Sic,

60 1369 106 1427 fi
135 1388 220 1428 res
270 1366 507 1448 propius
535 1364 918 1436 examinetur,
982 1365 1288 1444 apparebit
1316 1363 1794 1445 justificationem

55 1468 261 1510 eorum
310 1449 657 1528 plerumque
703 1446 890 1526 magis
938 1466 1009 1505 ex
1056 1445 1351 1507 bullarum
1382 1447 1499 1526 ejus
1537 1451 1794 1510 authori-

55 1546 175 1591 tate
211 1530 479 1610 pendere,
524 1528 701 1610 quam
723 1549 794 1588 ex
831 1527 911 1599 vi,
957 1529 1196 1598 virtute,
1241 1545 1344 1588 aut
1370 1531 1556 1610 gratia
1582 1532 1794 1593 Christi

52 1610 112 1672 in
133 1626 326 1672 mente
353 1610 623 1681 revelata,
646 1629 886 1688 eamque
912 1625 1243 1681 renovante,
1276 1626 1343 1669 ut
1362 1627 1544 1690 patet,
1576 1613 1793 1692 primo,

59 1692 323 1753 doitrina
364 1689 569 1770 Papali
617 1690 690 1749 de
729 1689 1093 1750 sacramentis
1132 1690 1261 1763 suis,
1309 1712 1442 1770 quae
1480 1695 1799 1773 praedicant

58 1773 312 1854 gratiam
338 1771 600 1832 conferre
644 1791 718 1830 ex
753 1791 930 1851 opere
974 1787 1241 1851 operam,
1308 1774 1388 1834 ita
1417 1789 1484 1833 ut
1526 1773 1564 1832 fi
1590 1776 1712 1855 quis
1735 1799 1795 1837 e-

34 1871 234 1915 orum
275 1854 562 1935 particeps
609 1853 736 1924 fiat,
800 1852 931 1911 inde
984 1868 1358 1934 peccatorum
1408 1855 1795 1919 remiffionem

0 1990 2 2003 x
58 1937 342 2007 obtineat,
387 1935 672 2016 quamviS,
739 1932 884 1993 ficut
921 1950 1065 2004 erat,
1113 1951 1428 2007 remaneat,
1488 1943 1674 1997 virtus
1711 1940 1794 1999 sa-

57 2017 338 2078 cramenti
386 2015 633 2076 hominis
671 2012 960 2075 defectum
987 2014 1235 2095 supplet.
1321 2016 1451 2076 Hic
1490 2017 1670 2098 igitur
1692 2021 1800 2082 ho-

61 2099 229 2159 minis
304 2097 445 2158 fides
515 2098 579 2156 &
646 2095 942 2156 submiffio
1005 2096 1259 2156 ecclefiae
1328 2097 1555 2178 legibus
1620 2102 1798 2177 facta,

62 2199 184 2240 non
224 2179 386 2240 realis
449 2178 640 2260 aliqua
699 2177 890 2237 cordis
937 2177 1213 2251 mutatio,
1259 2178 1427 2240 illum
1468 2180 1748 2261 justificat
1778 2208 1798 2245 ε

60 2261 318 2353 exempli
354 2260 588 2343 gratiafm
634 2257 677 2318 si
714 2259 839 2344 quis
859 2259 1189 2331 utituri110,
1236 2261 1398 2341 quod
1419 2281 1635 2325 vocant
1662 2287 1798 2346 poe-

64 2342 342 2414 nitentlae,
387 2343 761 2413 sacramente,
805 2341 1198 2402 enumerando
1225 2342 1506 2405 sacerdoti
1534 2366 1794 2426 peccata,

63 2425 201 2484 licet
236 2441 428 2485 careat
462 2423 829 2494 contritione,
875 2443 1054 2503 quam
1073 2425 1490 2503 poenitentibus
1526 2445 1797 2505 peccato-

64 2505 220 2566 ribus
247 2505 613 2566 neceffariam
657 2506 815 2565 Deus
841 2505 1051 2577 voluit,
1097 2505 1139 2564 fi
1177 2507 1387 2567 habeat
1407 2508 1794 2582 attritionem,

68 2587 421 2667 figmentum
450 2607 676 2660 eorum,
722 2586 780 2646 id
809 2586 913 2657 est,
960 2586 1000 2645 fi
1023 2587 1307 2666 poeniteat
1333 2588 1501 2646 illum
1520 2591 1793 2668 peccasse,

62 2688 177 2728 non
234 2690 309 2729 ex
348 2688 547 2728 amore
589 2668 699 2728 Dei
734 2667 798 2726 &
845 2666 989 2747 legis
1025 2666 1163 2746 ejuS,
1208 2688 1384 2748 quam
1428 2670 1794 2750 transgressus

64 2747 171 2818 est,
234 2749 329 2808 sed
368 2750 401 2808 ὲ
443 2749 747 2809 formidine
796 2767 1011 2829 poenae,
1077 2764 1332 2809 attamen
1373 2750 1557 2809 virtus
1597 2754 1797 2815 Sacra-

66 2829 246 2888 menti
310 2827 402 2907 (ut
444 2831 782 2908 asseverant)
839 2828 940 2889 tali
988 2844 1363 2909 peccatorum
1406 2831 1794 2895 remiffionem

62 2910 352 2981 conciliat,
428 2911 572 2970 adeo
600 2927 666 2971 ut
694 2910 724 2968 a
748 2909 1039 2970 sacerdote
1076 2910 1365 2971 absolutus
1395 2912 1451 2972 in
1480 2915 1793 2995 conspefflz

62 2990 175 3052 Dei
207 3007 471 3072 acceptus
526 2992 588 3050 &
614 2991 959 3076 justificatus
998 2991 1289 3052 habendus
1346 2993 1436 3066 fit,
1502 3016 1620 3056 non
1659 2998 1795 3077 quia

33 3071 293 3132 ·realiter
336 3071 611 3133 contritus
646 3073 750 3143 est,
813 3073 906 3132 seu
949 3072 1144 3152 aliquo
1184 3073 1435 3154 respectu
1473 3076 1623 3135 intus
1666 3100 1797 3139 mu·

66 3168 217 3214 tatus
258 3155 318 3212 δε
364 3170 670 3214 renovatus
719 3154 923 3234 gratiae
971 3154 1079 3214 Dei
1114 3155 1169 3214 in
1213 3156 1386 3214 corde
1435 3177 1471 3216 o
1517 3158 1790 3231 eratione,

35 3233 563 3300 ³·sed·solummodo
610 3234 916 3298 sacerdotis
960 3236 1311 3300 authoritate
1356 3237 1420 3299 &
1482 3243 1794 3301 aeramenti
1888 3233 1890 3235 ’

1555 3319 1791 3393 virtute,
