2086 3640
251 95 363 168 258
527 91 1648 154 THESJSDECIMA.

249 198 452 258 eodem
494 198 732 277 Spiritu,
781 200 890 257 hoc
913 200 1021 257 effe
1058 219 1283 269 verum,
1327 198 1515 258 dicere
1534 200 1741 278 potest,
1785 201 1963 263 &eo-

250 281 385 338 dem
416 279 632 358 Spiritu
682 280 1025 357 intelligere,
1103 281 1163 337 &
1191 279 1231 337 fi
1269 280 1481 338 necesse
1524 279 1613 350 fit,
1685 282 1964 364 interpre-

254 361 363 418 tari
404 360 629 440 potest:
673 361 902 438 quando
950 361 1099 420 enim
1150 359 1532 419 conditionem
1573 361 1730 420 suam
1771 365 1965 423 condi-

253 440 394 499 tioni
430 443 489 498 &
537 440 904 519 experientiae
951 443 1289 501 Sanctorum
1319 441 1660 520 respondere
1676 443 1958 515 observat,

252 521 519 580 veritates
565 521 644 581 ibi
689 522 922 582 traditas
957 522 1091 582 vere
1136 522 1400 603 poffidet,
1445 522 1578 602 quia
1607 521 1850 602 signavit
1873 545 1964 584 eas

254 602 315 659 &
364 601 685 661 verificavit
710 603 950 682 Spiritus
973 602 1029 662 in
1060 604 1229 663 corde
1270 601 1458 682 ipfius,
1542 602 1624 662 Et
1668 602 1830 679 hujus
1886 606 1966 664 rei

253 681 624 741 sufficientem
670 684 1079 763 experientiam
1126 686 1397 744 habemus
1435 685 1492 743 in
1533 683 1811 744 illiteratis
1852 684 1968 744 istis

255 763 604 832 hominibUS,
649 784 792 844 quos
818 764 1100 825 suscitavit
1127 767 1302 835 DeuS,
1347 781 1412 824 ut
1431 763 1679 824 ecclefiae
1706 767 1819 825 suae
1862 765 1968 824 hac

255 860 426 903 aetate
469 844 705 904 ministri
754 846 882 916 fint,
929 847 1008 906 ita
1043 863 1110 905 ut
1149 847 1360 905 horum
1401 846 1578 925 aliqui
1626 866 1847 905 errores
1883 845 1968 906 in-

258 942 578 1005 terpretum
629 927 998 998 correxerint,
1071 927 1564 1007 quemadmodum
1619 927 1761 986 thefi
1802 928 1968 988 tertia

258 1004 327 1065 de
392 1007 682 1086 Scriptura
739 1008 1105 1068 observatum
1153 1008 1249 1067 est.
1334 1007 1464 1068 Imo
1540 1007 1776 1087 ipsemet
1833 1008 1974 1068 novi

259 1088 599 1146 calcearium
649 1088 957 1167 quendam,
1030 1090 1127 1168 qui
1172 1090 1241 1148 ne
1283 1089 1510 1149 literam
1550 1087 1783 1167 quidem
1831 1108 1972 1168 cog-

257 1168 458 1238 noscit,
503 1190 675 1246 quem
713 1171 848 1227 cum
895 1170 1182 1230 Profeffor
1218 1171 1453 1250 quidam
1503 1169 1770 1250 publicus
1808 1168 1971 1229 The-

260 1249 478 1329 ologiae
500 1248 636 1308 falsa
685 1251 997 1330 Scripturae
1042 1251 1307 1310 citatione
1334 1267 1565 1330 urgeret
1585 1270 1781 1309 coram
1814 1250 1974 1310 urbis

258 1330 704 1409 magistratibus,
750 1331 872 1401 ubi,
937 1331 1296 1411 quibusdam,
1341 1334 1440 1412 qui
1486 1331 1562 1390 ad
1607 1331 1775 1390 inum
1815 1331 1976 1391 audi-
2064 1309 2086 1366 -³

257 1411 471 1470 endum
519 1427 809 1481 venerant,
856 1413 1187 1490 praedicanS,
1233 1430 1430 1492 captus
1474 1412 1600 1478 est·,
1645 1412 1842 1482 talem,
1890 1413 1973 1470 in-

258 1512 455 1571 quam,
520 1490 676 1562 novi,
748 1492 809 1549 &
840 1493 1026 1551 adhuc
1067 1492 1234 1563 vivit,
1298 1492 1417 1572 qui,
1490 1492 1626 1551 licet
1666 1493 1970 1572 profeffor,
2084 1527 2086 1548 2

258 1573 358 1650 qui
415 1571 478 1629 &
524 1572 615 1630 vir
677 1569 880 1631 doctus
925 1573 1186 1643 habetur,
1276 1573 1607 1632 constanter>
1660 1573 1978 1633 affirmaret
2075 1578 2086 1644 {-

258 1653 477 1712 dictum
532 1653 694 1711 suum
713 1653 820 1711 effe
840 1652 1155 1733 Scripturae
1182 1653 1537 1724 sententiam,
1583 1668 1797 1724 tamen,
1862 1675 1979 1714 non
2066 1662 2086 1718 ,ἒς

259 1734 411 1793 certa
462 1733 648 1812 aliqua
693 1733 875 1795 literae
924 1734 1274 1815 cognitione,
1318 1755 1494 1815 quam
1543 1753 1660 1794 non
1702 1735 1976 1806 habebat,
2059 1741 2068 1771 »¹

260 1816 354 1874 sed
393 1814 699 1875 certissimo
735 1815 979 1895 Spiritus
1000 1818 1058 1874 in
1094 1816 1388 1896 semetipso
1423 1814 1750 1876 testimonio
1778 1816 1975 1886 fretuS,
2063 1828 2078 1841 ”

260 1898 551 1955 affirmare
591 1916 706 1955 non
741 1896 1049 1968 dubitavit,
1097 1897 1430 1958 hallucinari
1462 1898 1857 1978 profefforem,
1917 1898 1980 1957 δε
2067 1896 2083 1970 «ζ’

261 1977 538 2056 Spiritum
583 1976 714 2046 Dei,
758 1979 916 2056 quod
954 1979 1099 2038 alter
1140 1980 1490 2048 affirmabat,
1535 1998 1832 2070 nunquam
1852 1978 1982 2039 dix-

262 2058 376 2127 iffe,
423 2059 482 2115 &
519 2057 779 2116 adduciis
818 2058 1017 2119 Bibliis
1062 2059 1372 2121 secundum
1417 2059 1678 2120 calcearii
1716 2060 1979 2120 sententi-

262 2161 360 2199 am
399 2153 483 2196 res
520 2136 747 2197 inventa
793 2139 892 2199 est.
1725 2180 1733 2187 .

346 2222 489 2279 XX.
534 2221 834 2279 SECUNDA
887 2219 1203 2280 literaturae
1231 2241 1433 2281 eorum
1478 2239 1612 2311 pars
1659 2219 1741 2279 est
1782 2223 1984 2302 Logica
2054 2219 2058 2227 ’

266 2311 326 2365 δζ
365 2301 721 2378 Philosophia,
793 2322 883 2360 ars
926 2322 1066 2360 vero
1110 2300 1373 2362 ministro
1409 2302 1488 2362 ita
1525 2300 1759 2371 mutiliS,
1806 2318 1892 2373 ut,
1938 2302 1979 2362 fi
2049 2288 2086 2375 7„

266 2383 392 2461 quis
432 2402 598 2440 verus
642 2381 893 2440 minister
933 2382 1096 2441 illam
1137 2383 1419 2455 habuerit,
1465 2381 1640 2442 tutius
1681 2382 1768 2441 illi
1812 2383 1986 2444 fuerit

266 2463 521 2523 oblivisci
573 2462 632 2520 δε
675 2463 938 2522 amittere
971 2484 1097 2522 eam
1131 2488 1149 2530 3
1211 2464 1292 2523 est
1341 2464 1491 2523 enim
1536 2463 1696 2523 radix
1720 2465 1783 2523 ὅτ
1810 2465 1982 2544 origo
2046 2534 2050 2539 ,

266 2545 452 2603 omnis
496 2544 871 2602 contentionis
917 2545 977 2602 δι’
1013 2544 1416 2617 altercationiS,
1478 2545 1540 2603 ὅτ
1589 2543 1700 2624 qua
1763 2544 1980 2624 aliquid
2044 2556 2053 2614 ζ

261 2625 453 2704 magis
481 2625 785 2684 obscurum
816 2625 907 2695 fit,
952 2646 1067 2684 non
1087 2624 1444 2687 luculentius.
1530 2627 1689 2694 Nam
1710 2625 1812 2687 sub
1831 2646 1982 2705 prae-
2044 2624 2049 2633 ”

269 2722 431 2766 textu
487 2705 788 2785 regulandi
835 2705 1076 2765 hominis
1125 2706 1406 2766 rationem
1460 2706 1516 2765 in
1560 2722 1783 2766 certum
1825 2708 1984 2768 ordi-
2036 2703 2046 2721 ⁵

268 2808 423 2858 nem,
467 2803 534 2846 ut
567 2785 870 2848 veritatem
916 2786 1186 2859 inveniat,
1229 2787 1287 2846 in
1334 2802 1558 2847 tantum
1604 2787 1988 2848 altercationis
2077 2780 2078 2783 ¹

270 2869 666 2948 labyrinthum
712 2868 891 2940 ducit,
964 2884 1030 2927 ut
1069 2868 1143 2928 ad
1197 2869 1523 2949 Scepticum
1572 2869 1764 2949 potius
1803 2870 1995 2948 quam>

272 2949 653 3008 Christianum
674 2947 996 3009 faciendum
1024 2965 1161 3029 apta
1196 2949 1286 3021 fit,
1330 2950 1517 3011 multo
1534 2951 1718 3010 minus
1735 2948 1982 3010 ecclefiae

274 3030 632 3095 ministrum3
696 3030 816 3087 imo
871 3029 1019 3108 saepe
1077 3031 1354 3091 abstrahit
1420 3031 1676 3091 homines
1723 3030 1754 3087 a
1829 3028 1980 3087 clara

276 3110 370 3167 illa
409 3131 601 3168 rerum
639 3109 1031 3191 intelligentia,
1104 3132 1280 3190 quam
1330 3113 1446 3192 ipsa
1488 3112 1635 3171 ratio
1670 3109 1735 3168 iis
1778 3108 1982 3187 suppe-

274 3189 502 3260 ditaret,
547 3190 787 3269 ideoque
825 3189 1148 3250 multifariis
1181 3191 1296 3270 ejus
1337 3192 1547 3272 regulis
1587 3201 1646 3254 δζ
1679 3188 1849 3247 variis
1895 3189 1981 3248 in-

213 3283 216 3286 *
271 3268 656 3344 ventionibus,
699 3271 798 3350 qui
847 3271 1138 3336 modicam
1185 3273 1465 3337 rationem·
1518 3271 1751 3359 habent,
1798 3269 1983 3411 tlill‘ssta

1705 3369 1800 3410 mu
1870 3365 1980 3412 lter
