2086 3640
136 117 226 176 De
262 107 552 191 universali
581 107 651 172 ξδ’
677 105 959 186 fizlutifero
1002 103 1197 165 lumine
1236 105 1365 185 Jefiae
1394 104 1610 185 Christi.
1661 123 1775 191 123·

58 216 187 277 illos
224 211 583 297 longanimi3‚
630 217 690 275 St
730 209 774 267 fi
815 208 1220 289 longanimitas
1255 209 1371 287 ejus
1414 211 1559 272 salus
1604 209 1685 271 est
1712 209 1782 269 il-

43 297 129 357 <lis
169 296 310 357 dum
355 306 674 377 permanet,
719 310 837 370 quo
879 307 1147 369 tempore
1191 311 1308 350 non
1362 293 1491 352 vult
1538 291 1693 352 Deus
1713 289 1783 350 il·-

22 433 25 435 .
63 378 151 438 los
190 378 398 459 perire,
441 372 535 435 sed
568 371 670 432 dat
707 372 784 430 eis
836 368 1072 429 *divitias
1137 372 1500 451 benignitatis
1569 383 1626 439 δε
1681 393 1783 452 pa·
1878 413 1884 421 ,

64 459 279 520 tientiae
332 458 465 527 suae,
509 467 576 514 ut
615 450 690 512 ad
729 450 1135 543 poenitentiam
1191 453 1587 520 adducantur·‚
1650 469 1788 514 tunc

62 540 181 600 dies
227 540 395 599 datur
434 530 810 604 vifitationis,'
864 552 981 612 quo
1023 531 1110 590 illi
1158 534 1486 612 potuissent,
1532 545 1591 599 ὅζ
1638 555 1790 595 nunc

64 620 238 680 multi
277 619 500 699 possent
539 614 771 684 servari,
836 613 937 694 qui
976 612 1287 692 perierunt,
1334 626 1393 680 ὅζ
1433 615 1621 695 perire
1660 617 1791 708 pos-

63 702 212 772 sunt,
257 698 360 760 nifi
396 695 798 778 poenitentiam
838 709 1050 776 agant:
1110 694 1223 755 Sed
1249 716 1453 755 verum
1489 696 1572 756 est
1593 716 1789 777 prius:

68 780 237 860 Ergo
279 791 338 846 ὅζ
382 777 679 859 posterius·
817 781 820 786 ’
918 808 921 811 -

12 876 16 879 “
75 913 82 922 .
146 863 290 922 ΧΧ.
335 862 486 921 Hoc
531 859 714 939 porro
752 873 992 940 apparet
1020 876 1090 918 ex
1133 857 1278 917 hisce
1310 858 1621 939 Prophetae
1661 877 1795 919 ver-

68 942 177 1014 bis,
221 941 432 1022 nempe
480 938 776 1021 Jeschajae,
826 960 882 999 v.
913 959 970 1014 4.
1043 939 1198 1019 Quid
1213 941 1524 1019 faciendum
1566 940 1798 1017 ampliits

68 1027 240 1085 vineae
281 1046 427 1094 mece,
473 1022 608 1104 quod
657 1042 758 1081 non
792 1023 1015 1102 fecerim
1070 1024 1126 1082 in
1167 1023 1233 1081 eci
1259 1023 1288 1078 ,Ρ
1352 1042 1487 1080 nam
1524 1021 1688 1080 versu
1738 1040 1795 1080 2.

69 1105 171 1176 ait,
215 1105 352 1186 quod
387 1126 503 1166 eam
557 1104 983 1164 circummunivit
1024 1103 1094 1164 δέ
1134 1102 1451 1181 elapidavit‚
1499 1102 1569 1162 ἑὸ)
1597 1115 1797 1170 tamen,

70 1188 191 1246 ciem
242 1182 549 1265 expeffldffit
589 1197 648 1245 ut
701 1185 972 1265 proferret
1018 1203 1177 1255 uvas,
1234 1184 1466 1262 protulit
1507 1182 1799 1260 labruftas‚

71 1268 277 1347 ideoque
310 1281 464 1327 vocat
488 1266 1028 1345 Jerusthalaimanos,
1074 1269 1307 1347 inquiens
1328 1287 1347 1323 .-
1389 1262 1645 1342 Judicate
1664 1266 1804 1324 inter

73 1370 158 1408 me
188 1347 270 1410 ,δέ’
330 1351 543 1408 vineam
600 1369 788 1419 meam,
853 1347 982 1427 quid
1010 1347 1322 1428 faciendum
1372 1344 1598 1423 amplius
1622 1345 1806 1423 fuerit

5 1426 15 1442 ”’
70 1432 243 1489 vineae
282 1430 458 1489 mece?
527 1429 674 1488 Hoc
711 1427 910 1489 multis
968 1427 1026 1489 in
1070 1428 1274 1489 Israele
1331 1427 1692 1508 applicatum
1722 1424 1805 1484 est

76 1510 175 1590 qui
225 1510 672 1570 misericordiam
720 1509 973 1568 divinam
1038 1508 1376 1587 rejecerunt.
1461 1506 1808 1584 Eodemque

0 1623 1 1627 ,
75 1592 348 1671 exemplo
374 1590 556 1651 utitur
584 1591 891 1661 Dominus,
936 1591 1157 1650 Matth.
1187 1591 1305 1650 xxi.
1332 1611 1362 1668 3
1374 1611 1427 1667 3.
1474 1590 1668 1648 Mare.
1707 1587 1808 1647 xii.

20 1681 25 1687 '
88 1692 140 1731 1.
184 1673 334 1734 LuC.
378 1693 476 1732 xx.
521 1691 577 1750 9.
642 1671 743 1732 ubi
802 1669 1058 1730 declarat
1121 1671 1399 1741 Christu3‚
1466 1667 1808 1749 quibusdam

77 1751 310 1812 vineam
348 1751 508 1811 fuiffe
545 1751 925 1822 commissam,
969 1751 1031 1810 &
1086 1752 1282 1812 omnia
1300 1752 1373 1812 ad
1407 1750 1665 1810 fructum
1683 1749 1810 1807 Do-

81 1833 241 1892 mino
277 1832 655 1913 praebendum
695 1832 996 1892 neceffaria
1034 1833 1280 1892 tradita:
1324 1853 1435 1913 pro
1484 1831 1689 1910 quibus
1710 1850 1810 1889 ex·
1868 1895 1874 1900 ,

79 1916 352 1994 pectabat
399 1914 662 1972 dominus
704 1913 1045 1982 misericorS‚
1114 1914 1300 1973 multa
1339 1913 1548 1972 delicta
1591 1911 1812 1970 condo-

79 2014 239 2066 nam,
282 1996 345 2053 &
393 1994 716 2065 mini-strum
756 1993 891 2074 post
930 1993 1255 2054 ministrum
1305 1995 1377 2055 ad
1415 1992 1812 2073 colligendum

77 2073 335 2136 fruetum
383 2075 634 2146 mittenS,
681 2091 987 2154 antequam
1037 2075 1326 2136 destinarit
1366 2074 1566 2155 ejicere
1613 2074 1674 2133 &
1714 2075 1811 2134 de-

79 2157 196 2216 lere
236 2157 385 2215 illos,
471 2155 674 2216 Primo
702 2155 901 2235 igitur,
947 2177 1052 2235 per
1083 2157 1185 2216 hos
1213 2158 1386 2218 sancti
1427 2178 1544 2217 non
1582 2157 1816 2237 poffunt

83 2237 351 2319 intelligi,
397 2257 579 2317 neque
618 2237 678 2310 ii,
747 2236 844 2318 qui
884 2236 1287 2319 poenitentiam
1330 2254 1534 2320 agunt,
1599 2238 1663 2296 ὅτ
1703 2240 1815 2298 ser-

81 2336 292 2378 vantur
316 2347 336 2388 ·‚
396 2339 579 2398 quum
618 2317 823 2379 diserte
875 2319 1117 2390 dicatur,
1183 2320 1342 2401 quod
1385 2320 1588 2402 perdet
1635 2320 1767 2379 illos
1793 2345 1814 2385 ς

85 2420 266 2480 neque
296 2400 576 2481 parabola
611 2398 799 2460 fuifl'et
834 2401 963 2461 ullo
1005 2402 1187 2462 modo
1217 2401 1302 2474 iis,
1349 2402 1557 2484 quibus
1598 2421 1821 2459 annun·

85 2482 234 2542 ciata
269 2483 368 2552 est,
414 2481 700 2562 apposita,
746 2482 849 2541 nisi
899 2483 1211 2562 potuissent
1252 2484 1501 2543 cultores
1541 2481 1626 2541 illi
1656 2482 1808 2541 fruc-

79 2574 211 2623 'tum
267 2563 526 2623 reddere:
589 2584 656 2622 ea
702 2561 813 2624 fuit
851 2564 963 2622 illis
1002 2563 1363 2642 poffibilitaS,
1447 2578 1515 2621 ut
1562 2562 1820 2625 Christus

89 2661 196 2721 per
232 2645 591 2723 Prophetam
629 2642 807 2714 dicat,
855 2644 1009 2723 Qid
1031 2646 1341 2722 faciendum
1384 2644 1616 2722 ampliits
1640 2647 1815 2705 vineae

93 2744 220 2782 meoe
245 2727 439 2804 fuerit,
485 2724 622 2804 quod
659 2746 761 2785 non
792 2728 1017 2805 fecerim
1055 2729 1111 2783 in
1159 2727 1226 2785 ed
1251 2727 1280 2783 ,Ρ
1348 2725 1603 2786 Abunde
1639 2725 1821 2806 igitur

90 2820 272 2883 patet,
303 2805 515 2885 quod,
586 2805 692 2864 hac
739 2805 1045 2884 parabola,
1136 2804 1166 2863 31
1210 2806 1395 2867 tribus
1436 2805 1821 2887 Evangelistis

92 2884 351 2963 repetita,
425 2884 682 2945 Christus
723 2884 1228 2966 longanimitatem
1257 2887 1413 2947 suam
1457 2907 1596 2967 erga
1633 2887 1821 2947 homi-

90 2984 187 3023 nes
224 2965 598 3036 demonstret‚
640 2965 703 3024 &
742 2985 945 3026 eorum
976 2966 1282 3046 malitiam,
1345 2969 1466 3049 qui,
1512 2969 1704 3029 salutis
1726 2989 1818 3029 ca-

75 3045 405 3138 pacitatem
454 3046 558 3107 fibi
607 3048 936 3108 concessam
965 3047 1253 3121 habenteS,
1319 3065 1512 3109 tamen
1548 3050 1622 3109 ad
1662 3049 1823 3110 suam

89 3126 352 3268 ,ιὲΐοηιηι
383 3126 915 3187 condemnationem
948 3127 1223 3191 refistunt.
1307 3130 1423 3189 His
1463 3129 1666 3191 fimilia
1691 3131 1823 3191 sunt

192 3207 302 3271 alia
346 3208 659 3289 Scripturae
688 3207 1028 3283 testimonia,
1071 3208 1358 3284 videlicet,
1405 3212 1582 3275 Prov.
1624 3211 1661 3272 i.
1717 3232 1819 3288 24,

1715 3313 1818 3371 252
