2086 3640
714 77 805 139 De
842 76 1196 156 Justification
1204 99 1244 138 e.
1741 97 1767 145 1
1781 79 1810 134 8
1822 92 1858 150 5

137 201 317 247 tatem
357 181 724 252 abluendam,
784 181 847 240 δε
901 182 1221 242 aversiones
1286 180 1503 241 nostras
1558 178 1856 251 curandam,

135 265 586 346 quandocunque
606 263 681 322 ad
700 263 865 324 illum
894 265 1235 323 revertimur
1267 263 1475 322 sincera
1500 261 1857 342 poenitentia.

139 347 222 407 Et
251 347 350 426 qui
390 346 683 405 Christum
720 345 832 404 hoc
866 343 1045 403 modo
1087 345 1143 402 in
1188 344 1242 403 se
1280 342 1606 422 suscitatum
1645 342 1708 400 &
1731 361 1865 422 reg-

136 444 371 488 nantem
418 426 679 497 sentiunt,
733 444 950 484 verum
992 424 1107 503 spei
1164 424 1603 485 fundamentum
1652 423 1865 500 habent

139 508 425 580 credendi,
469 507 628 587 qubd
663 504 956 586 justificati
981 504 1110 564 sunt
1144 505 1410 585 sanguine
1437 503 1572 584 ejus,
1657 505 1865 584 Neque

139 589 555 650 hallucinentur
595 586 768 668 aliqui
800 584 946 646 vana
975 585 1072 665 spe
1106 585 1458 645 confidentes
1484 587 1545 644 &
1589 585 1740 645 inani
1766 605 1866 645 ex·-

136 669 460 758 pec‘iatione
477 669 784 740 credenteS,
805 666 963 747 qubd
989 683 1179 727 morte
1195 667 1256 725 &
1284 665 1633 746 paffionibus
1655 666 1867 726 Chirsti

131 750 428 827 justificati
462 750 608 820 sunt,
659 748 930 830 quamdiu
958 761 1231 826 peccatum
1274 749 1530 808 excubans
1567 764 1688 826 prce
1721 750 1867 827 fori-

139 832 234 892 bus
279 831 369 907 ιβ,
416 829 562 890 Gen.
611 830 687 890 iv.
744 849 798 910 7.
861 829 924 888 &
967 829 1107 887 dum
1153 828 1416 910 iniquitas
1457 829 1760 910 praevalet,
1806 830 1868 886 δε

137 911 327 972 adhuc
369 928 662 971 remanent
689 909 997 986 irrenovati
1026 910 1085 967 ὅτ,
1118 911 1422 990 irregeniti.
1509 910 1624 971 Nae
1646 910 1869 968 dicetur

138 992 241 1063 εἰς,
286 1014 386 1052 non
415 996 540 1053 novi
585 1014 695 1053 vos.
780 992 909 1054 Nec
931 991 1216 1051 oblivioni
1246 991 1506 1050 tradatur
1535 991 1635 1049 illa
1661 990 1871 1049 Christi

140 1075 430 1146 sententia,
490 1095 591 1135 non
625 1075 808 1144 omnis,
873 1075 962 1152 qui
997 1071 1121 1136 dicit
1156 1073 1286 1133 mihi
1326 1073 1573 1142 Domine,
1620 1074 1867 1142 Domine,

142 1156 368 1215 intrabit
413 1159 469 1214 in
512 1177 723 1236 regnum
765 1153 1027 1223 caelorum,
1081 1154 1177 1232 secl
1222 1157 1311 1233 qui
1349 1156 1498 1232 facit
1543 1152 1872 1210 voluntatem

143 1236 336 1295 Patris
377 1239 493 1295 mei.
538 1236 757 1301 Matth.
788 1235 884 1294 vii.
933 1254 1028 1294 21.
1115 1235 1223 1293 Cui
1262 1233 1542 1293 addantur
1591 1234 1872 1311 praeclara

141 1316 244 1375 illa
286 1314 560 1394 Johannis
594 1315 766 1386 dieta,
837 1338 859 1376 1
905 1316 1041 1395 Joh.
1076 1315 1152 1375 iii.
1180 1334 1236 1392 7.
1265 1315 1328 1373 δε
1359 1335 1451 1374 20.
1498 1314 1702 1383 Filioli,
1727 1335 1873 1374 nemo

143 1417 237 1462 vos
257 1398 493 1475 seducat,
537 1401 627 1477 qui
658 1400 805 1477 facit
843 1399 1129 1479 justitiam,
1157 1400 1331 1479 justus
1359 1400 1452 1465 esi,
1483 1399 1624 1473 ficut
1667 1397 1735 1458 ὅ
1779 1397 1873 1456 ille

139 1483 221 1537 est
244 1481 434 1558 justus.
521 1479 636 1559 Qi
652 1482 795 1558 facit
815 1492 1107 1557 peccatum,
1152 1501 1215 1539 ex
1244 1478 1449 1538 diabolo
1488 1483 1584 1546 est,
1631 1480 1873 1556 quoniam

127 1561 185 1634 fi
226 1560 617 1636 reprehenderit
661 1582 750 1621 nos
789 1582 879 1620 cor
913 1562 1160 1636 nostrum,
1206 1564 1374 1641 major
1419 1560 1486 1635 est
1536 1561 1684 1619 Deus
1723 1560 1874 1618 corde

142 1641 335 1715 nostro,
382 1642 450 1703 ἐφ’
505 1643 654 1700 novit
693 1645 886 1701 omnia.
971 1641 1060 1699 De
1111 1641 1214 1699 hac
1247 1641 1421 1699 etiam
1462 1638 1874 1719 justificatione

145 1740 250 1799 per
278 1722 559 1780 internam
589 1722 994 1780 revelationem
1026 1722 1236 1779 Christi
1278 1719 1516 1799 insignes
1548 1721 1877 1781 Protestan-

146 1816 229 1859 tes
255 1801 428 1859 etiam
472 1802 802 1881 loquuntur.
888 1804 982 1862 M.
1022 1803 1296 1861 Borhaeus
1325 1801 1381 1860 in
1407 1801 1605 1860 Genes.
1638 1823 1695 1881 p.
1735 1805 1871 1863 162.

148 1883 218 1940 In
257 1886 596 1959 imputatione
637 1883 870 1963 (inquit)
906 1885 1014 1963 qud
1051 1883 1289 1958 Christus
1328 1883 1647 1943 credentibus
1677 1883 1870 1961 adstri-

146 1963 295 2023 bitur
334 1985 398 2021 ac
424 1967 717 2041 imputatur
731 1981 835 2042 pro
848 1965 1080 2045 justitia,
1117 1968 1332 2042 pariter
1360 1964 1429 2024 &
1458 1968 1702 2023 meritum
1737 1967 1872 2042 san-

142 2046 318 2122 guinis
354 2047 479 2124 ejus,
522 2046 591 2105 &3⁹
614 2047 841 2122 Spiritus
879 2047 1124 2114 Scantius,
1170 2048 1232 2104 vi
1274 2048 1577 2104 meritorum
1605 2047 1747 2122 nobis
1782 2047 1873 2106 do*

140 2137 318 2195 natus,
343 2125 647 2186 includitur.
733 2128 910 2207 Atque
935 2130 1013 2186 ita
1034 2126 1301 2202 Christum
1321 2139 1433 2186 tum
1463 2128 1496 2186 a
1528 2130 1727 2198 merito,
1760 2141 1874 2188 tum

144 2205 183 2263 ὰ
209 2207 592 2283 satufae‘lione,
639 2206 709 2268 {9⁹
731 2209 1018 2286 impetrata
1046 2209 1326 2285 remiffione
1343 2222 1695 2286 peccatorum,
1743 2211 1811 2270 &2⁹
1834 2212 1870 2268 [ἲ

146 2286 273 2346 dono
309 2289 539 2365 Spiritus
562 2290 805 2371 justitiae‚
875 2291 1104 2364 nostram
1131 2291 1400 2371 justitiam
1429 2292 1698 2369 fatebitur
1735 2292 1871 2371 ff’3

147 2382 303 2447 atque
340 2371 499 2446 hocſj
521 2372 775 2448 facimus,
801 2374 875 2430 in
889 2372 1258 2453 justificatione
1285 2373 1449 2448 nostri
1476 2385 1636 2430 totum
1668 2372 1872 2448 Christ-

146 2469 236 2512 um
265 2449 340 2509 ad
365 2446 596 2530 salutem
617 2453 759 2512 nobis
788 2455 1130 2532 propofitum,
1176 2475 1277 2512 non
1298 2475 1460 2512 unam
1504 2454 1738 2532 aliquam
1767 2457 1874 2535 ejus

138 2544 375 2611 partem,
418 2533 865 2610 confiderabimus.
949 2534 1131 2603 Idem,
1180 2556 1237 2614 p.
1292 2536 1420 2612 169.
1467 2533 1534 2592 In
1567 2535 1871 2613 justificati·-

149 2633 244 2676 one
278 2615 439 2692 igitur
456 2615 623 2690 nostri
658 2615 898 2691 Christus
918 2615 1290 2692 confideratur,
1336 2619 1425 2694 qui
1453 2617 1507 2672 in
1535 2616 1676 2674 nobis
1705 2616 1883 2693 spiret

152 2693 223 2752 δέ’
263 2697 444 2765 vivat,
487 2699 736 2756 nimirum
765 2712 869 2772 per
902 2697 1158 2772 Spiritum
1187 2698 1343 2770 stium
1381 2696 1415 2752 a
1463 2696 1601 2754 nobis
1642 2698 1869 2759 indutus.

150 2773 240 2835 De
285 2795 380 2852 quo
419 2776 713 2836 indumento
762 2776 1054 2852 Apostolus,
1128 2777 1393 2847 Christum
1451 2777 1702 2853 induistis.
1788 2780 1871 2840 Et

152 2874 287 2932 pag.
340 2871 470 2932 171.
514 2877 602 2915 nos
622 2860 677 2916 in
700 2858 1070 2936 justificatione
1105 2857 1268 2932 nostri
1287 2878 1387 2916 non
1413 2871 1627 2934 partem
1647 2859 1866 2934 Christi,

138 2935 238 3016 fid
264 2936 401 2994 hunc
437 2947 621 3007 totum,
686 2950 936 3016 quatenus
975 2958 1038 2996 ex
1074 2941 1212 2996 omni
1238 2951 1398 3015 parte
1440 2941 1618 3015 nostra
1665 2943 1869 3016 justitia

150 3019 244 3093 ast,
288 3024 527 3077 tratiare
551 3017 895 3077 elaboramus.
983 3017 1063 3076 Et
1100 3019 1273 3098 pauli)
1302 3018 1470 3090 infra,
1516 3034 1575 3079 ut
1601 3024 1762 3101 igitur
1797 3022 1866 3089 B.

156 3098 367 3158 Paulus
409 3101 466 3158 in
493 3099 863 3178 justificatione
899 3099 1083 3174 nostri,
1128 3121 1242 3158 cum
1285 3103 1380 3169 ait,
1428 3121 1548 3182 quos
1586 3105 1864 3185 justificat,

152 3201 233 3245 eos
272 3179 607 3260 glorificabit,
667 3180 1043 3257 comprehendit
1089 3184 1283 3251 omnia,
1345 3203 1457 3262 quae
1498 3184 1573 3242 ad
1603 3185 1870 3245 reconcili-

152 3261 310 3333 andos
354 3281 443 3330 nos
490 3261 603 3329 Deo
640 3262 806 3330 Patri
842 3259 915 3330 ἐρ’
956 3261 1031 3325 ad
1053 3266 1436 3327 renovationem
1481 3267 1652 3326 nostri
1686 3279 1868 3345 aptam

1739 3348 1864 3434 affi-
