2086 3640
252 101 373 174 ‘418
462 101 847 163 THESJS
915 96 1360 159 DECIMA
1396 96 1841 176 QUARTA*

255 211 349 269 vel
401 210 727 288 Evangelio
768 208 867 266 suo
916 207 1071 267 viam
1097 208 1337 288 aperire,
1382 208 1634 269 nesciunt
1664 210 1821 289 cujus
1868 211 1983 291 spi-

259 291 402 350 ritus
439 294 579 350 sunt.
668 289 778 347 Sed
826 309 945 347 non.
988 289 1198 350 licebat
1244 290 1440 368 ignem
1475 287 1512 345 'a
1561 291 1720 350 coelo
1770 312 1985 352 vocare

256 373 331 430 ad
360 392 453 432 eos
496 369 838 450 perdendOS,
884 369 983 447 qui
1013 369 1305 430 Christum
1338 369 1587 448 recipere
1617 371 1972 443 recusabant,

259 453 452 512 multo
497 451 686 510 minsis
728 449 863 509 licet
910 451 966 510 in
1005 451 1156 511 terra
1200 451 1393 531 ignem
1438 451 1745 510 accendere
1783 452 1855 510 ad
1883 452 1985 511 de-

260 532 555 593 struendos
583 551 700 602 eos,
746 531 846 611 qui
884 531 939 589 in
991 533 1283 592 Christum
1314 531 1573 602 credunt,
1619 531 1752 611 quia
1779 532 1985 594 nolunt

257 614 353 672 vel
371 634 486 674 non
515 612 766 692 poffunt,
813 611 1168 673 conscientiae
1198 612 1383 683 causa,
1431 612 1486 670 in
1525 612 1641 670 fide
1669 612 1986 692 Magistra-

259 695 355 753 tus
416 693 800 773 acquiescere:
864 693 924 751 &
964 694 1001 754 fi
1067 714 1182 754 non
1224 695 1434 753 licebat
1490 692 1820 771 ApostoliS,
1885 694 1986 774 qui

260 791 481 835 tantam
522 774 763 854 Spiritus
806 775 1124 835 mensuram
1170 775 1479 845 habebant,
1540 775 1600 831 &
1643 773 1716 833 ad
1764 794 1986 834 errores

258 876 378 915 non
401 856 542 916 adeo
566 854 830 936 propenfi
880 873 1066 927 erant,
1134 855 1274 915 alios
1342 855 1416 914 ad
1462 854 1792 914 sententiam
1827 855 1984 915 suam

258 937 563 1017 adurgere,
637 936 826 996 multo
866 936 1051 996 minus
1100 957 1247 996 nunc
1312 937 1447 995 licet
1489 935 1841 1005 hominibus,
1914 937 1986 996 de

260 1018 469 1096 quibus
506 1016 855 1097 experientia
899 1017 1241 1089 manifestat,
1305 1018 1366 1075 ὅτ
1423 1016 1684 1095 plerique
1730 1015 1984 1096 ipsorum

263 1097 536 1168 fatentur,
584 1098 739 1177 quod
789 1097 1056 1159 fallibiles
1104 1098 1212 1158 sint
1254 1099 1315 1156 &
1370 1098 1571 1177 saepius
1607 1113 1817 1168 errent,
1890 1117 1989 1157 eos

261 1200 463 1238 omnes
486 1179 775 1238 trucidare
795 1181 855 1238 &
887 1179 1228 1251 interficere,
1273 1178 1372 1258 qui
1402 1196 1515 1237 non
1539 1178 1788 1257 poffunt,
1853 1179 1988 1259 quia

262 1260 433 1319 aliter
477 1260 532 1318 in
563 1260 762 1318 animis
810 1261 915 1319 suis
965 1260 1208 1340 persuasi
1247 1260 1391 1329 sunt,
1437 1280 1540 1339 per
1579 1260 1774 1318 omnia
1815 1260 1871 1318 in
1903 1279 1992 1319 re-

263 1341 370 1399 bus
421 1336 1148 1419 religiofis&conscientiae
1178 1339 1452 1399 cumillis
1492 1341 1821 1400 consentire.
1909 1342 1992 1400 Et

265 1420 309 1478 fi
352 1440 465 1479 non
515 1436 638 1479 erat
675 1421 982 1480 secundum
1045 1420 1257 1482 Christi
1295 1420 1645 1499 sapientiam,
1727 1421 1824 1500 qui
1884 1421 1993 1482 fuit

266 1505 391 1561 Rex
448 1505 674 1581 Regum,
741 1503 971 1561 externa
1015 1502 1076 1559 vi
1125 1502 1266 1561 alios
1309 1521 1537 1579 urgere,
1602 1516 1669 1560 ut
1710 1499 1766 1558 in
1824 1502 1991 1562 illum

264 1582 581 1651 crederent,
631 1598 730 1641 aut
768 1602 901 1641 eum
941 1582 1278 1661 reciperent,
1325 1581 1455 1659 quia
1496 1583 1607 1640 hoc
1631 1585 1996 1660 repugnabat

264 1680 487 1723 naturae
538 1662 830 1722 ministerii
871 1662 989 1743 ejus
1037 1664 1096 1721 &
1146 1661 1468 1752 Spiritualis
1517 1662 1992 1742 gubernationis·,

258 1765 454 1803 nonne
496 1744 580 1803 illi
622 1745 976 1824 magnopere
1006 1744 1067 1802 &
1095 1743 1406 1804 facinorose
1446 1742 1852 1815 scandalizant,
1896 1745 1994 1825 qui

265 1826 371 1884 illo
400 1824 761 1906 sapientiores
790 1827 897 1885 esse
945 1826 1172 1896 volunt,
1217 1825 1393 1905 &qui
1415 1824 1577 1896 alim,
1644 1840 1847 1884 contra
1866 1845 1997 1906 per-

261 1907 581 1966 suasionem
629 1906 810 1978 suam,
855 1906 1140 1966 dostrinae
1190 1906 1304 1965 suae
1354 1906 1414 1964 &
1463 1905 1643 1966 cultui
1672 1905 1999 1967 conformes

267 1988 502 2046 reddere
551 1988 873 2046 conantur?
922 1989 1190 2047 Verbum
1231 1987 1449 2046 domini
1490 1988 1591 2058 ait,
1651 2008 1752 2048 non
1796 1985 1998 2049 violen-

266 2069 372 2139 tid,
420 2089 580 2148 neque
615 2071 895 2138 coaHiOne,
929 2068 1026 2146 fied
1057 2070 1261 2146 Spiritu
1291 2091 1412 2128 mee.
1461 2069 1640 2128 Zach.
1685 2068 1760 2126 iv.
1790 2071 1842 2128 6.
1870 2070 1997 2130 ,Sed

263 2149 329 2208 ‘hi
385 2149 566 2220 aiunt,
613 2170 711 2208 non
740 2151 945 2227 Spiritu
962 2150 1204 2220 Domini,
1248 2149 1345 2208 sed
1383 2150 1595 2209 carnali
1633 2152 1695 2209 vi
1726 2148 1999 2211 &coadi-

265 2249 377 2290 one.
467 2229 787 2309 Apostolus
835 2230 1037 2289 diserte
1080 2231 1180 2300 ait,
1230 2249 1261 2287 2
1289 2232 1428 2290 Cor.
1458 2251 1514 2290 x.
1548 2251 1605 2306 4.
1649 2252 1809 2291 arma
1850 2233 1995 2293 mili-

256 2315 360 2371 -tz‘oe
401 2312 587 2387 nostroe
628 2332 729 2371 non
767 2312 1014 2372 carnalia
1061 2312 1190 2391 cffe:
1233 2311 1323 2370 sed
1354 2310 1413 2370 hi
1460 2310 1670 2371 volunt
1689 2334 1804 2372 cum
1833 2335 1997 2375 carne

267 2393 341 2453 ὃ
375 2394 631 2472 sanguine
645 2393 957 2463 decertare,
1003 2394 1085 2464 δε,
1132 2392 1364 2472 quando
1385 2393 1703 2472 praevalere
1723 2414 1839 2454 non
1867 2397 1998 2476 pos-
2085 2420 2086 2423 ¹

267 2474 398 2532 sunt
434 2476 639 2551 Spiritu
696 2474 765 2536 ξεί*
801 2473 1087 2545 ἰηίείἶεὲῖιι,
1160 2490 1414 2534 carentes
1459 2474 1631 2533 armis
1693 2476 1994 2555 spirituali·
2083 2503 2086 2540 j

254 2556 399 2625 ‘buS‚
444 2556 746 2616 carnalibus
782 2558 948 2615 armis
1001 2554 1211 2614 Christi
1260 2575 1502 2637 regnum
1551 2555 1801 2616 stabilire
1843 2577 1996 2638 prae-
2084 2553 2086 2574 ³

270 2636 532 2717 tendunt,
580 2636 738 2717 quod
787 2636 1022 2715 quidem
1051 2635 1234 2696 facere
1261 2657 1556 2715 nunquam
1579 2636 1832 2717 poffunt,
1876 2638 1994 2699 ide-

251 2735 444 2795 ·oque,
490 2736 551 2777 re
597 2717 750 2778 recte
792 2717 1167 2789 considerata,
1213 2717 1338 2777 talis
1383 2718 1606 2779 eoaCtio
1634 2719 1816 2799 magis
1857 2739 1993 2799 pro-
2040 2780 2042 2783 .

247 2797 430 2856 nvenit
478 2800 513 2857 ὰ
535 2799 794 2877 superbiai
835 2799 905 2860 &³
947 2819 1124 2859 amore
1156 2801 1265 2878 sui,
1311 2798 1526 2880 quippe
1570 2800 1666 2879 qui
1694 2800 1838 2860 alios
1864 2820 1995 2862 om·
2078 2815 2080 2817 ’

272 2896 369 2936 nes
410 2879 514 2939 fibi
557 2881 754 2940 cedere
813 2883 874 2941 ὅτ
930 2880 1207 2959 subjeEtos
1264 2879 1373 2938 effe
1410 2881 1648 2952 vellent,
1691 2881 1868 2961 quam
1929 2879 2000 2940 ex'

270 2978 452 3019 amore
490 2962 616 3020 Dei.
701 2960 955 3020 Christus
1019 2962 1126 3022 alia
1171 2959 1448 3021 methodo
1494 2963 1621 3021 usus
1676 2963 1776 3035 est,
1841 2960 1986 3023 Psal.

273 3058 365 3100 cx.
410 3061 465 3117 3.
495 3044 667 3121 faciet
725 3044 861 3101 enim
901 3045 1012 3121 sthi
1062 3041 1316 3121 populum
1358 3043 1616 3103 volentem
1663 3046 1719 3104 in
1767 3044 1851 3104 die
1886 3056 1987 3118 po-

244 3122 470 3192 testatis
496 3123 637 3201 suoe,
708 3122 803 3182 sed
846 3122 903 3181 hi
940 3125 1227 3194 laborant,
1293 3139 1493 3184 contra
1535 3125 1835 3184 hominum
1882 3141 1987 3180 vo-

278 3196 521 3262 luntates
562 3204 622 3264 &
672 3203 1054 3281 conscientias,
1095 3226 1199 3270 non
1237 3209 1438 3270 virtute
1486 3205 1704 3284 Christi,
1747 3201 1841 3264 sed
1895 3222 1987 3260 ex-

245 3294 248 3309 ¹
1841 3294 1990 3345 terno
