2086 3640
259 138 372 198 134
455 109 826 175 THESIS
873 104 1395 184 QUINTA&
1437 109 1784 171 SEXTA.

246 242 433 284 tutem
476 215 715 278 Deitatis
752 214 808 272 in
834 211 1155 272 vifibilibus
1197 212 1386 292 legere
1430 213 1493 272 &
1530 214 1852 295 intelligere
1878 237 1979 278 va-

248 306 387 366 lent.
487 295 569 356 Et
613 295 655 354 fi
695 296 818 374 quis
869 293 1238 353 contenderet
1286 310 1583 354 externam
1631 297 1978 358 crea-tionem

248 407 322 445 ex
362 383 436 451 se,
501 377 613 436 fine
652 377 772 436 ull-a
822 374 1061 444 interna,
1103 374 1535 454 supernaturali,
1596 378 1660 436 &
1692 376 1979 439 salutifera

252 462 464 543 gratia,
505 459 601 518 vel
631 457 859 526 semine,
911 456 1156 515 naturali
1205 455 1420 516 homini
1468 457 1777 530 declarare,
1823 459 1982 540 quod

253 545 411 605 Deus
449 542 553 599 sit:
605 539 767 620 Qid
805 537 997 617 quaeso
1026 537 1157 598 talis
1178 536 1401 596 scientia
1428 538 1712 617 proderit,
1759 539 1802 599 fi
1838 540 1983 601 mihi

256 645 372 685 non
433 622 608 681 etiam
650 619 1058 690 communicet,
1122 639 1254 699 quae
1298 617 1367 677 fit
1414 619 1525 680 Dei
1569 621 1882 691 voluntaS,
1921 621 1985 680 &

251 703 573 784 quomodO,
635 700 795 781 quod
842 699 926 759 illi
972 717 1277 780 acceptum
1322 699 1424 770 est,
1468 702 1728 762 faciam?
1794 704 1982 775 Nam,

254 786 389 846 licet
428 801 662 844 externa
700 782 913 841 creatio
958 796 1191 861 generet
1231 779 1641 859 Conjecturam,
1702 801 1810 845 aut
1848 804 1981 864 per-

253 865 590 934 suasionem,
635 865 743 924 ofl'e
776 863 1071 942 quandam·
1102 879 1379 922 aeternam
1401 862 1544 934 vim,
1588 864 1652 923 &
1679 863 1982 936 virtutem,

253 947 286 1005 a
345 947 454 1027 qua
491 946 582 1005 hic
615 945 769 1005 orbis
798 942 1024 1003 initium
1054 943 1225 1003 habet
1258 969 1276 1010 ·,
1320 947 1435 1003 'non
1474 944 1618 1004 mihi
1646 960 1841 1006 tamen
1883 968 1983 1007 an-

253 1029 506 1099 nunciat,
553 1027 692 1107 quid
732 1025 802 1085 fit
847 1029 1088 1097 bonum,
1133 1025 1390 1085 sanctum
1439 1026 1501 1084 &
1541 1047 1798 1107 aequum,
1841 1047 1989 1109 quo-

254 1108 437 1168 modo
495 1107 901 1167 tentationibus
950 1107 1012 1165 &
1067 1107 1232 1167 malis
1280 1106 1578 1167 affectibus
1631 1107 1863 1178 liberer,
1925 1107 1989 1168 δε

246 1189 530 1270 justitiam
559 1190 812 1268 affequar
845 1213 863 1254 ς
907 1189 1116 1248 necesse
1155 1188 1235 1248 est
1264 1187 1373 1248 hoc
1414 1189 1522 1248 fiat
1546 1188 1764 1249 interna
1801 1188 1988 1270 aliqua

256 1270 730 1332 manifestatione.
818 1269 1051 1330 Ethnici
1079 1285 1273 1330 autern
1303 1269 1413 1340 illi,
1457 1270 1528 1328 de
1558 1270 1765 1350 quibus
1787 1269 1989 1351 loque-

257 1353 431 1412 batur
462 1352 804 1430 ApostoluS,
851 1351 1066 1420 interna
1087 1353 1217 1431 lege
1257 1350 1319 1408 &
1356 1350 1808 1412 manifestatione
1847 1371 1988 1433 cog-

259 1431 491 1494 nitionis
526 1432 657 1503 Dei,
701 1433 948 1495 sciebant
984 1433 1132 1493 inter
1175 1434 1393 1493 bonurn
1443 1432 1506 1491 &
1532 1431 1756 1494 malurn
1793 1431 1990 1493 distin·
2078 1442 2086 1514 ξ

256 1525 458 1595 gnere,
504 1529 570 1572 ut
609 1534 679 1573 ex
716 1513 967 1593 sequenti
994 1514 1183 1593 capite
1210 1529 1475 1594 apparet,
1535 1514 1606 1574 de
1643 1533 1761 1594 quo
1790 1514 1989 1595 postea
2082 1527 2086 1535 ’

255 1593 496 1654 dicetur.
583 1593 665 1653 Et
694 1594 899 1653 Micah
935 1593 989 1652 in
1028 1613 1234 1674 genere
1268 1594 1363 1652 vel
1391 1594 1684 1655 indefinite
1714 1595 1817 1666 ait,
1861 1616 1990 1676 cap.

256 1674 334 1734 vi.
377 1696 496 1733 ver.
531 1678 584 1733 8.
633 1675 903 1735 Indicavit
947 1677 1060 1744 tibi,
1104 1676 1135 1734 ὅ
1181 1677 1345 1745 home,
1391 1676 1520 1756 quid
1538 1677 1619 1754 fit
1662 1677 1868 1748 bonum,
1912 1699 1994 1738 ec-

256 1756 392 1837 quid
421 1756 642 1835 Jehova
685 1760 958 1838 requifivit
1006 1759 1098 1817 abs
1138 1770 1208 1827 te,
1253 1759 1354 1833 nist
1392 1771 1452 1817 ut
1494 1779 1733 1819 exerceas
1756 1761 1872 1841 jus,
1918 1758 1994 1821 &
2075 1752 2086 1795 ’¹

259 1858 400 1903 ames
436 1839 824 1917 benignitatem,
892 1839 961 1899 ὃ
1010 1839 1225 1915 modeste
1274 1839 1507 1900 ambules
1544 1861 1661 1900 cum
1685 1841 1802 1901 Deo
1842 1853 1931 1901 tuo
1956 1841 1990 1899 ‚2
2072 1875 2075 1878 ·

261 1916 405 1976 Non
441 1919 522 1977 ait
563 1920 884 1979 Dominum
923 1920 1229 1999 requirere,
1275 1921 1458 1980 donec
1494 1921 1686 2001 primo
1714 1923 1990 1996 affirmat,

254 1998 418 2078 quod
458 1998 744 2059 indicavit.
832 2001 1130 2083 Qoniam
1172 2018 1366 2061 autern
1405 2002 1515 2061 hoc
1563 2003 1832 2063 omnibus
1870 2024 1994 2064 ma-

259 2078 527 2141 nifestum
562 2080 662 2150 est,
726 2081 787 2138 &
843 2081 898 2139 in
942 2080 1054 2140 illis
1092 2082 1425 2153 indicatum,
1488 2102 1655 2162 erge,
1701 2084 1784 2144 ait
1821 2085 1993 2165 Apo·
2062 2124 2068 2149 t

261 2160 463 2231 stoluS,
508 2164 596 2220 ira
642 2163 752 2222 Dei
796 2162 1073 2222 revelatur
1099 2177 1281 2223 contra
1310 2163 1448 2235 illos,
1511 2167 1601 2244 qui
1625 2167 1909 2226 veritatem
1937 2170 1993 2227 in

262 2243 522 2324 injustitie?
549 2243 790 2303 detinent.
836 2243 869 2302 i.
902 2264 949 2302 e.
998 2245 1314 2305 mensuram
1342 2245 1620 2316 veritatiS,
1667 2245 1885 2318 lumen,
1916 2248 1998 2308 se-

230 2342 421 2394 vmen,
466 2323 716 2402 gratiam
767 2326 820 2384 in
851 2324 1020 2404 ipfis·‚
1066 2327 1197 2404 quia
1239 2326 1519 2386 talentum
1565 2326 1621 2385 in
1667 2327 1839 2399 terra,
1884 2328 1919 2389 i.
1944 2350 1992 2390 e.
2053 2373 2057 2377 «

264 2403 320 2462 in
357 2404 598 2476 terrena,
645 2405 949 2476 mundana,
994 2407 1055 2464 &
1085 2405 1282 2485 injusta
1312 2424 1474 2487 parte
1503 2408 1559 2468 in
1594 2408 1862 2469 cordibus
1890 2412 1995 2471 ab·

262 2484 560 2555 scondunt,
605 2486 666 2545 &
700 2485 951 2545 fruc‘tum
992 2487 1139 2546 ferre
1179 2509 1292 2547 non
1343 2487 1550 2559 smunt,
1595 2489 1688 2549 sed
1736 2488 1995 2551 sensuali·

265 2568 374 2625 bus
434 2565 596 2644 hujus
659 2568 794 2626 vitae
847 2568 1296 2630 solicitudinibus
1354 2568 1616 2630 suffocari
1671 2571 1985 2651 patiuntur.
2055 2583 2060 2587 ’

264 2647 407 2707 Hoc
456 2647 640 2706 adhuc
685 2648 857 2707 fufius
895 2649 1144 2709 illustrat
1194 2651 1535 2730 Apostolus,
1581 2651 1654 2710 ad
1701 2653 1880 2712 Rom.
1931 2674 1987 2714 x.
2052 2687 2053 2692 κ

267 2727 367 2787 ubi
401 2729 653 2788 declarat
693 2732 913 2790 verbum
942 2734 976 2790 [ἰ
1005 2734 1064 2810 se
1081 2733 1452 2810 praedicatum,
1497 2736 1767 2809 (verbum
1796 2749 1990 2794 autern

267 2808 424 2887 quod
465 2811 841 2889 praedicabat,
886 2814 947 2871 ὅτ
989 2813 1371 2894 Evangelium
1413 2813 1569 2893 quod
1611 2814 1987 2895 praedicabat,

264 2889 329 2947 ὅτ
367 2889 522 2969 cujus
563 2908 687 2951 erat
726 2893 998 2966 minister,
1065 2916 1240 2954 unum
1308 2896 1477 2974 plane
1534 2895 1797 2976 idemque
1844 2901 1992 2972 erat)

267 2991 370 3030 non
397 2971 727 3055 longinquum
773 2975 884 3053 effi,
915 2977 1015 3054 sed
1042 2978 1230 3055 prope,
1276 2979 1332 3036 in
1359 2998 1448 3036 ore
1487 2978 1556 3038 δέ
1598 2981 1653 3038 in
1693 2974 1844 3036 corde
1866 2997 1887 3032 .·
1925 2974 1990 3033 &

267 3066 405 3111 tunc
445 3056 600 3134 quasl
621 3055 1072 3117 adversariorum
1111 3057 1492 3137 objectionem
1520 3056 1816 3139 proponit,
1845 3055 1986 3113 vers.

277 3152 300 3191 1
314 3152 374 3204 4,
435 3153 520 3210 15.
564 3137 804 3216 quomodo
844 3139 1049 3199 credent
1087 3143 1153 3212 ei,
1209 3160 1354 3218 quem
1381 3162 1482 3199 non
1509 3138 1810 3206 audierunt,
1861 3156 1985 3215 quo-

268 3212 412 3270 modo
452 3229 624 3275 autem
666 3219 876 3277 audient
900 3222 1021 3297 stne
1048 3222 1379 3301 praedicante
1404 3222 1436 3278 ,Ρ
1494 3217 1655 3279 Huic
1684 3215 1990 3295 respondet
2084 3235 2086 3238 ⁴

262 3292 428 3378 yersu
479 3298 569 3358 18.
613 3298 717 3358 Sed
752 3301 994 3381 (inquam
1041 3309 1158 3385 ego)
1197 3322 1270 3364 an
1315 3321 1419 3363 non
1460 3297 1742 3383 audierunt
1767 3299 1800 3357 ἒ
1865 3297 1989 3397 Im?
2085 3351 2086 3369 ἢ

1841 3395 1973 3437 vero
