2086 3640
357 105 448 164 De
488 101 704 163 interna*
746 100 815 163 δυ’
858 101 1165 162 immediate?
1206 102 1539 166 revelatione.
1747 131 1825 191 35

87 222 279 286 carpus
330 209 600 286 Johannis
647 205 941 283 discipidus,
990 208 1060 268 ὃ
1108 208 1358 269 Anicetus
1399 212 1681 290 Epifiopns
1709 215 1824 273 Ro—

54 300 68 359 s
87 309 293 360 manus,
340 289 440 370 qui
468 286 738 368 proxime
767 287 1140 347 succefferunt
1162 289 1248 360 iis,
1282 311 1532 369 quorum
1551 297 1823 375 exemplo

31 442 37 446 .
82 371 263 430 ambo
333 368 698 430 affirmarunt
752 369 1204 428 controversiam
1262 373 1370 429 effe
1423 374 1818 448 decidendam,

81 451 393 511 concordare
427 469 530 510 non
565 451 853 527 potuerint.
941 449 1067 508 Hic
1111 452 1416 512 necessario
1447 456 1592 514 alter
1617 456 1819 519 saltem

0 594 1 611 ἶ
79 533 317 602 erravit,
365 531 534 613 idque
575 530 912 590 traditionem
952 532 1171 611 sequens
1207 552 1226 588 .·
1296 553 1439 593 num
1489 535 1670 614 igitur
1712 558 1815 600 nos

0 619 1 634 ¹
78 612 245 692 aeque
272 623 443 693 agere
482 610 777 674 Pontificii
820 610 1232 682 existimarent,
1279 612 1320 670 fi
1358 633 1664 696 propterea
1693 632 1814 680 tra-

73 693 318 754 ditionem
346 693 702 776 negligendam
729 693 837 753 effe
864 693 1285 753 affirmaremus
1314 696 1336 752 ?
1396 695 1507 755 Sed
1534 715 1816 777 praeterea

64 773 131 849 *in
172 794 235 834 re
262 775 439 857 longe
478 775 712 854 majoris
754 773 1021 856 ponderis
1050 773 1250 834 eadem
1286 775 1592 838 difficultas
1623 798 1813 840 recur-

73 855 169 926 rit,
214 875 422 937 nempe
440 857 510 918 de
538 857 795 918 Romani
824 855 1126 917 Pontificis
1144 855 1417 935 primatu.
1464 861 1813 940 Complures

40 937 248 1008 enim,
295 937 464 1020 idque
519 938 829 999 secundum
873 937 1270 1007 traditionem,
1335 942 1429 1017 (ut
1475 941 1814 1024 opinantur)

69 1018 385 1092 affirmant,
431 1019 635 1101 primis
662 1019 932 1080 sexcentis
977 1019 1008 1076 a
1040 1034 1178 1078 nato
1209 1018 1443 1079 Christo
1471 1021 1629 1081 annis
1655 1023 1811 1084 Pon-

69 1099 254 1159 tifices
281 1101 586 1163 Romanos
613 1101 935 1163 universalis
965 1099 1216 1162 Pastoris
1243 1100 1483 1161 titulum
1512 1122 1810 1182 nunquam

68 1181 434 1262 affumpfiffe,
480 1204 661 1265 neque
684 1183 764 1242 ita
791 1182 1145 1243 existimatos
1177 1204 1190 1238 :
1237 1181 1358 1240 imo
1397 1182 1525 1243 sunt
1544 1183 1806 1263 quidam,

62 1262 166 1341 'qui
203 1285 319 1322 non
348 1264 618 1326 dubitant
645 1265 957 1335 affirmare,
1004 1263 1174 1343 idque
1210 1263 1521 1323 secundum
1550 1265 1808 1344 aliquam

63 1344 457 1417 traditionem,
508 1346 755 1407 Petrum
797 1347 1058 1405 Romam
1087 1364 1383 1424 nunquam
1421 1345 1639 1418 vidiffe,
1685 1366 1807 1426 quo

60 1422 160 1484 illa
192 1426 392 1506 opinio
420 1427 678 1487 Romani
706 1429 963 1509 Papatus
989 1425 1246 1486 funditus
1273 1426 1616 1487 destruitur:
1664 1449 1804 1488 nam

55 1504 104 1564 ‘fi
139 1506 235 1568 ille
281 1528 577 1588 nunquam
621 1511 837 1570 Romae
881 1509 1013 1579 fuit,
1060 1509 1317 1567 Romani
1362 1508 1636 1588 Episcopi
1682 1510 1802 1569 suc-

59 1589 299 1649 cefl'ores
351 1589 472 1669 ejus
525 1589 636 1650 esse
695 1611 813 1651 non
857 1591 1106 1671 poffunt.
1192 1589 1361 1649 Num
1407 1591 1589 1668 igitur
1647 1590 1805 1649 Pon-

54 1669 234 1731 *tificii
278 1672 394 1731 tale
443 1670 823 1731 ratiocinandi
867 1691 1048 1750 genus
1104 1673 1521 1750 approbarent,
1568 1669 1800 1744 scilieet,

60 1751 235 1811 multi
271 1752 593 1812 illuduntur
621 1751 683 1810 &
711 1771 1068 1832 magnopere
1106 1767 1318 1822 errant,
1364 1751 1643 1811 traditioni
1688 1774 1800 1813 cre-

56 1831 241 1905 dend0‚
287 1853 432 1914 ergo
459 1855 628 1894 omnes
654 1833 963 1894 traditiones
988 1833 1278 1915 rejiciendae
1307 1835 1458 1911 sunt,
1504 1832 1680 1892 etiam
1701 1857 1798 1907 eae,

54 1914 264 1993 quibus
305 1935 408 1974 nos
437 1914 815 1987 contrarium,
861 1915 923 1974 &
966 1918 1057 1991 (ut
1100 1913 1437 1993 opinamur)
1492 1918 1801 1976 veritatem

55 1997 393 2074 probamUS.
440 1996 488 2069 †
528 1996 794 2076 Denique
823 1995 880 2056 in
908 1995 1171 2056 Concilio
1194 1994 1536 2059 Florentino
1568 1994 1801 2056 Graecae

54 2074 120 2134 &
162 2075 450 2138 Romanae
480 2074 762 2138 Ecclefiae
799 2077 1079 2158 praecipui
1122 2075 1389 2139 doctores
1427 2075 1659 2157 integris
1692 2077 1797 2138 ses-

39 2157 310 2218 'fionibus
366 2159 437 2217 de
495 2160 968 2240 interpretatione
1042 2162 1196 2218 unius
1251 2161 1528 2236 sententiae
1588 2158 1797 2219 concilii

56 2241 331 2319 Ephelini‚
380 2242 679 2319 Epiphanii
704 2241 764 2299 δι
803 2241 1013 2320 Rufini,
1067 2240 1506 2311 contendebant,
1551 2258 1656 2300 nec
1685 2261 1793 2301 un-

17 2341 228 2402 squam
285 2323 638 2383 concordare
700 2339 1034 2403 potuerunt.
1119 2321 1403 2393 Secundo,
1476 2322 1679 2381 eadem
1735 2321 1793 2381 in

48 2403 349 2482 Scriptura
387 2404 697 2465 difficultas
739 2406 1026 2465 recurrit:
1073 2403 1377 2463 Lutherani
1404 2403 1698 2463 affirmant
1738 2403 1794 2461 se

46 2485 689 2546 consubstantiationem
752 2481 1060 2546 secundum
1124 2486 1457 2562 Scripturam
1522 2484 1788 2555 credere,

47 2566 212 2647 quod
241 2566 581 2640 Calviniani,
627 2567 936 2627 secundum
966 2565 1206 2627 eandem
1234 2567 1590 2644 Scripturam
1624 2585 1791 2645 mag-

34 2645 190 2720 'num
234 2667 495 2708 errorem
550 2649 660 2709 effe
708 2649 1108 2716 pronunciant.
1195 2647 1519 2706 Calviniani
1560 2645 1790 2709 absolu-

29 2734 174 2786 ‘tam
195 2729 608 2810 plerorumque
638 2723 942 2790 ho'rninum
972 2728 1442 2810 reprobationem
1466 2727 1785 2798 affirmant,

44 2808 207 2888 quod
251 2809 567 2871 Arminiani
619 2827 871 2892 negant,
947 2809 1304 2870 contrarium
1359 2808 1785 2888 praedicantes:

46 2890 260 2951 Ambo
292 2890 346 2950 se
393 2893 680 2972 Scriptura*
724 2896 785 2956 ὅτ
835 2894 984 2952 retici
1028 2895 1233 2950 ratione
1281 2888 1534 2969 regulari
1563 2889 1785 2950 dicunt.

39 2968 105 3054 Si
149 2970 329 3051 igitur
374 2973 487 3033 hoc
525 2973 707 3035 modo
755 2974 1033 3115 adverstg
1048 2972 1398 3033 Calvinianos
1436 2988 1782 3112 arguireizi:

58 3061 66 3068 ”
1076 3073 1108 3113 2
1634 3065 1693 3112 ut
1729 3073 1783 3112 e-

39 3217 68 3230 -»
99 3258 146 3321 ἦ
177 3265 308 3315 Conc-
327 3264 451 3319 Flor,
469 3259 573 3330 Seff.
598 3273 643 3327 ς.
663 3261 837 3314 decreto
869 3262 1050 3331 quodam
1068 3261 1234 3310 Concil.
1254 3258 1367 3325 pr.
1384 3258 1487 3309 Aa.
1505 3259 1555 3308 6.
1568 3257 1675 3327 Seff.
1700 3275 1719 3310 1
1734 3276 1780 3323 1,

27 3382 92 3443 re
111 3337 214 3461 k}
267 3330 442 3398 concil,
464 3326 718 3402 Ebot-‘seffi
750 3327 828 3392 18,
866 3343 947 3402 203
1011 3327 1178 3402 gonrit·
1199 3327 1317 3398 flos,
1350 3323 1457 3394 seff.
1484 3337 1569 3387 21,
1592 3337 1634 3392 p.
1655 3327 1773 3389 ⁴80,
