2086 3640
155 116 248 175 De
284 108 674 189 universali&
695 106 981 190 salutifero
1004 107 1199 169 lumine
1237 111 1367 188 Jcfii
1410 113 1623 189 Christi.
1676 134 1787 192 135

66 220 276 277 veroin
305 238 502 277 omnem
541 229 744 277 terram
778 215 947 273 exivit
970 215 1128 292 sonus
1153 237 1349 286 eorum,
1397 219 1466 279 δέ
1497 218 1571 280 ad
1601 219 1793 280 ultima

40 310 48 354 ,·
63 300 204 358 orbis
243 311 514 358 terrarum
553 297 722 356 verba
748 314 940 363 eorum,
969 343 972 346 .
1026 295 1120 355 Ex
1157 297 1361 376 quibus
1404 300 1604 379 liquet,
1649 301 1795 360 divi-

19 438 22 440 .
61 399 204 440 num
236 380 384 438 hunc
424 376 876 441 Praedicatorem
918 374 973 433 in
1022 376 1287 437 omnium
1316 399 1475 438 aures
1515 380 1577 439 ’δε
1618 381 1793 441 corda

58 459 343 520 sonuisse:
389 478 522 518 narn
557 456 628 515 de
669 453 968 535 Apostolis
1008 456 1070 513 &
1096 477 1297 518 eorum
1339 458 1791 540 discipulisdift-

62 559 165 600 um
203 539 349 600 illud
378 536 614 598 minimo
658 534 844 598 fuiffet
870 555 1093 595 verum.
1180 539 1339 599 Nam
1361 562 1465 599 nec
1487 557 1643 614 tunc,
1689 547 1793 603 nec

62 621 250 680 multa
296 618 425 700 post
461 616 668 689 secula,
715 617 858 686 im'o,
923 636 1041 676 non
1085 634 1309 683 certum
1349 621 1450 691 est,
1511 624 1650 701 quin
1692 625 1791 683 ad-

59 701 175 760 huc
202 719 434 779 magnae
480 698 541 758 &
578 697 835 779 spatiosae
864 696 1119 758 nationes
1163 699 1224 757 &c
1266 721 1442 781 regna
1489 703 1617 776 fint,
1662 726 1791 785 quae

56 801 350 860 nunquam
398 801 502 841 nec
550 779 620 838 de
649 779 902 850 Christo,
949 798 1053 838 nec
1099 778 1170 838 de
1201 783 1501 860 Apostolis
1549 784 1663 863 ejus
1692 807 1793 845 au-

55 860 270 921 divere.
314 871 317 876 ’
355 861 654 921 Internum
676 859 788 921 hoc
815 875 1018 940 potens
1060 860 1172 920 Dei
1198 865 1444 924 verbum
1473 865 1658 926 adhuc
1695 887 1791 926 co-

31 941 268 1022 piofius
303 942 658 1014 describitur,
704 942 763 1000 in
798 940 988 1023 Epist.
1033 942 1105 1000 ad
1157 942 1319 1004 Heb.
1370 965 1496 1024 cap.
1549 946 1624 1005 iv.
1692 967 1789 1018 12,

63 1043 156 1101 13.
203 1027 398 1085 Vivum
438 1028 577 1085 enim
611 1028 700 1083 est
738 1023 960 1083 verbum
1007 1023 1118 1081 Dei
1165 1024 1233 1084 δέ
1272 1025 1476 1100 efficax,
1539 1027 1610 1095 {9⁹
1628 1045 1790 1105 pene-

54 1108 289 1166 trantius
333 1111 474 1167 omni
513 1105 694 1187 gladio
741 1107 982 1182 ancipite,
1050 1105 1120 1165 &
1163 1109 1465 1186 pertingens
1521 1110 1673 1191 usque
1721 1108 1798 1169 ad

56 1185 361 1264 divisionem
389 1193 584 1248 animae
623 1186 693 1249 ὅ
729 1185 981 1264 Spiritn's‚
1027 1202 1327 1268 compagum
1363 1207 1557 1268 quoque
1585 1210 1646 1247 ac
1685 1210 1794 1247 me·

56 1266 354 1340 dullarnm,
400 1271 470 1332 &3
486 1270 732 1346 distretor
757 1270 1118 1348 cogitationum
1140 1269 1209 1329 δέ
1239 1271 1578 1328 intentionum
1606 1269 1791 1329 cordis.

55 1346 201 1409 Hoc
240 1350 374 1411 loco
412 1350 576 1430 hujus
621 1348 924 1430 spiritualis
965 1348 1131 1409 verbi
1169 1350 1412 1409 virtutes
1455 1370 1794 1411 enumeran-

0 1444 2 1476 ῑ
56 1443 173 1490 tur.
260 1435 456 1493 Wvum
502 1436 598 1503 eff,
643 1432 779 1512 quia
819 1430 1101 1490 scrutatur
1141 1430 1203 1490 &
1230 1447 1496 1511 penetrat
1532 1431 1793 1491 omnium

58 1511 281 1571 corda:
345 1513 552 1574 nullius
594 1532 696 1572 cor
752 1510 1045 1582 eximitur,
1098 1533 1234 1571 nam
1285 1513 1430 1571 hanc
1472 1512 1794 1572 vivacitatis

53 1589 173 1670 ejus
215 1594 499 1660 rationem
539 1594 641 1654 dat
678 1592 1001 1672 Apostolus
1047 1593 1312 1671 sequente
1341 1592 1504 1652 versu
1539 1618 1556 1658 ;
1620 1596 1796 1653 omnia

58 1686 236 1733 autem
281 1677 427 1736 nuda
465 1677 534 1737 δέ)
579 1687 768 1753 aperta
794 1675 923 1752 fitnt
948 1671 1108 1733 oculis
1135 1675 1260 1755 ejus,
1306 1674 1514 1754 quicum
1556 1677 1698 1735 nobis
1724 1676 1797 1751 est

55 1759 351 1835 negotium.-
413 1757 484 1818 δέ’
520 1778 622 1817 non
679 1760 756 1816 eft*
795 1754 914 1814 ulla
950 1767 1200 1814 creatura
1257 1755 1535 1832 invzfibilis
1577 1759 1632 1815 in
1674 1778 1794 1815 con-

41 1837 227 1913 spettu
266 1840 370 1929 ejus
411 1861 431 1895 .·
493 1837 627 1897 licet
675 1839 787 1896 hoc
834 1835 1081 1894 mediate}
1124 1835 1198 1894 ad
1255 1836 1449 1896 Deum
1492 1835 1792 1908 referatur,

56 1916 388 1978 immediate}
429 1934 622 1977 tamen
659 1919 722 1976 &
773 1916 1039 1996 proxim&
1081 1915 1155 1975 ad
1195 1918 1441 1976 verbum
1489 1917 1549 1974 &
1596 1918 1795 1980 lumen

55 1997 322 2069 refertur,
368 1999 526 2079 quod
553 2003 643 2075 (ut
671 2001 802 2057 ante*
833 1998 1151 2076 probatum
1168 1996 1273 2074 est)
1302 1996 1360 2056 in
1381 1997 1641 2057 omnium
1666 2019 1793 2067 cor-

53 2076 222 2140 dibus
261 2079 363 2148 est,
410 2079 667 2160 alioquin
709 2077 1031 2159 improprie}
1060 2077 1171 2136 hoc
1210 2077 1341 2136 loco
1371 2078 1684 2138 addustum
1707 2079 1794 2138 fu-

53 2157 195 2220 iffet.
279 2160 540 2221 Denotat
577 2160 922 2241 Apostolus,
969 2158 1272 2238 quomodo
1296 2179 1495 2219 omnes
1525 2161 1796 2240 cogitati-

56 2259 193 2300 ones
219 2240 282 2301 δε
302 2258 610 2321 conceptus
647 2241 833 2302 cordis
861 2239 1249 2318 dijudicantur
1266 2260 1370 2319 per
1390 2242 1638 2301 verbum
1663 2243 1794 2319 Dei,

57 2321 196 2460 θυῖε,
229 2322 424 2383 omnia
453 2344 652 2383 coram
681 2323 811 2385 Deo
840 2321 995 2382 nuda
1034 2323 1197 2382 sunt:
1258 2321 1417 2400 quod
1465 2323 1662 2401 apert&
1711 2323 1795 2385 in-

83 2419 262 2474 muat,
304 2403 363 2464 in
391 2405 454 2463 &
479 2426 585 2485 per
612 2405 724 2468 hoc
743 2405 1014 2475 verbum,
1061 2403 1253 2463 Deum
1279 2402 1656 2482 cogitationes
1690 2404 1797 2463 ho-

58 2483 285 2546 minum
318 2487 516 2545 videre
555 2487 616 2546 ὅτ
643 2486 954 2546 discernere
982 2511 998 2552 ;
1060 2486 1303 2563 ideoque
1333 2484 1600 2543 omnibus
1629 2482 1798 2544 inesse

57 2582 313 2646 oportet,
359 2570 496 2627 cum
517 2570 609 2644 (ut
635 2569 717 2628 ait
759 2567 1108 2647 Apostolus)
1151 2564 1307 2625 nulla
1328 2577 1577 2623 creatura
1599 2567 1653 2624 in
1675 2587 1796 2626 con-

42 2646 227 2725 speoiu
275 2650 380 2740 qius
419 2649 699 2727 invisibilis
722 2651 819 2725 stt.
904 2649 1028 2708 Hic
1057 2647 1235 2726 igitur
1282 2644 1463 2704 fidelis
1494 2645 1643 2704 testis
1682 2646 1796 2706 Dei

60 2725 163 2797 est,
207 2748 306 2809 qul
333 2749 443 2809 pro
465 2729 617 2802 De0‚
662 2731 725 2788 δε
750 2748 861 2810 pro
888 2725 1105 2807 justiti&
1129 2726 1243 2804 ejus
1277 2727 1333 2784 in
1372 2726 1637 2795 omnium
1667 2748 1797 2786 cor-

58 2806 227 2869 dibus
267 2808 368 2869 dat
394 2809 826 2870 testimonium:
870 2830 1007 2868 nam
1049 2810 1308 2885 constituit
1347 2829 1463 2868 eum
1499 2807 1645 2868 Deus
1676 2810 1795 2885 test-

59 2910 144 2949 em
175 2892 414 2970 gentibus
433 2912 452 2948 .·
493 2889 596 2950 Isa.
625 2891 706 2951 lv.
729 2914 786 2966 4.
829 2889 891 2947 &
915 2890 1056 2950 ficut
1085 2890 1177 2948 hic
1205 2888 1356 2948 testis
1386 2889 1466 2948 est
1497 2909 1608 2968 pro
1638 2890 1793 2963 De0,

61 2968 143 3030 ita
164 2989 281 3029 non
300 2970 471 3031 datur
493 2969 820 3033 hominibus
839 2970 1023 3030 solum
1042 2971 1116 3030 ad
1139 2970 1600 3030 condemnandos
1628 2969 1754 3030 illos
1773 2996 1792 3038 ;

27 3059 198 3115 ssiam
239 3051 420 3112 veluti
466 3049 522 3112 in
579 3052 781 3113 testem
827 3051 1120 3114 constituit
1158 3072 1314 3123 eum,
1379 3054 1454 3115 fic
1493 3051 1667 3112 etiam
1716 3052 1799 3111 ait

67 3130 385 3211 Propheta,
452 3133 628 3193 ducem
666 3134 735 3195 δέ)
781 3147 1152 3211 proeceptorem
1195 3133 1350 3192 illum
1398 3134 1492 3213 effe
1535 3134 1793 3213 gentibus.

68 3214 197 3272 Lux
243 3213 373 3274 data
412 3219 507 3283 εἶτ’,
553 3228 611 3275 ut
646 3236 815 3275 omnes
843 3231 948 3292 per
993 3214 1148 3274 illam
1196 3214 1428 3274 credant.
1475 3214 1610 3293 Joh.
1659 3214 1693 3272 i.
1739 3231 1791 3292 7.

63 3290 221 3357 .Nam
244 3295 383 3375 fides
408 3297 486 3375 fit
508 3318 574 3361 ex
602 3295 807 3370 auditu,
852 3297 1061 3358 auditus
1094 3308 1266 3367 antem
1292 3308 1397 3376 per
1420 3296 1641 3360 verbum
1664 3295 1792 3364 Dei,

958 3377 1012 3437 K
1057 3397 1098 3450 4
1637 3377 1795 3457 quod
