2086 3640
265 100 377 144 100
465 79 829 142 THESIS
871 48 1294 161 QUINerA
1329 79 1399 143 εις
1441 79 1787 142 SEXTA.

255 187 550 247 evidentiae
569 186 698 247 satis
723 202 790 247 ut
811 187 1143 268 quempiam
1165 187 1446 248 contraria
1468 186 1735 247 sententia
1777 196 1974 248 conta&

259 268 539 327 minatum
561 267 980 337 convincerent,
1024 289 1207 348 neque
1232 269 1584 347 aequitatem,
1630 268 1691 326 ὅτ
1739 267 1974 328 mirabi-

215 396 220 401 ,
259 347 373 406 lem
395 345 603 406 divinae
624 347 1147 422 misericordiae-,nec
1187 370 1300 408 non
1331 348 1561 427 justitiae
1591 347 1972 418 harmoniam,

260 446 399 504 erga
421 446 617 486 omnes
638 428 978 488 sufficienter
1007 430 1433 490 commendant.
1476 430 1614 489 Ideo
1636 428 1841 488 crebro
1869 429 1978 488 ob·

261 506 477 564 servavi
496 508 820 568 universalis
849 510 1251 591 redemptionis
1271 510 1403 569 istos
1431 511 1810 570 affirmatores
1829 509 1980 568 mul-

265 586 327 646 τὸ
364 587 625 659 validitw,
669 589 731 648 ὅτ
771 591 954 671 magis
975 593 1232 663 nervose,
1284 590 1480 651 falsam
1525 588 1982 652 adversariorum

263 666 587 728 docstrinam
608 690 970 752 oppugnare,
1014 693 1189 752 quam
1230 671 1386 732 suam
1428 691 1814 751 propugnare.
1900 670 1984 730 Et

264 748 401 807 licet
441 771 510 809 ex
548 751 856 831 Scripturis
896 753 1223 813 testimonia
1263 753 1568 831 complura
1595 753 1865 823 habeant,
1910 751 1987 810 ad

265 829 747 900 universalitatem
774 834 977 893 mortis
1006 833 1214 906 Christi
1255 831 1738 903 confirmandam,
1801 830 1864 889 &
1912 831 1987 891 ad
2079 893 2082 897 .

271 910 572 989 praecisum
602 912 841 993 aliquod
867 914 1186 986 decretum,
1231 935 1349 994 quo
1377 912 1616 992 quidam
1641 912 1715 972 ad
1750 911 1988 972 damna-

268 990 486 1052 tionem
533 992 799 1062 dicuntur
850 996 1243 1076 praeordinari,
1326 993 1735 1054 debellandum
1760 1017 1779 1060 3
1851 995 1988 1052 cum

272 1086 465 1133 tamen
494 1071 604 1134 huc
625 1074 976 1138 adducantur
997 1081 1088 1152 (ut
1111 1077 1280 1157 supra
1305 1076 1674 1136 observatum
1696 1074 1802 1152 est)
1822 1072 1993 1149 nimi-

274 1172 429 1225 rum,
473 1169 540 1214 ut
556 1155 870 1228 ostendant,
915 1158 1215 1237 quomodo
1240 1157 1403 1236 hujus
1425 1155 1629 1215 mortis
1645 1153 1992 1216 beneficium

271 1234 349 1293 ad
371 1254 570 1294 ornnes
591 1238 914 1298 extenditur
930 1240 991 1297 &
1012 1239 1334 1309 exhibetur,
1386 1257 1504 1317 quo
1530 1235 1808 1295 sufficiens
1831 1234 1994 1313 hujus

263 1315 656 1395 participandi
685 1318 941 1379 medium
980 1319 1246 1390 habeant,
1291 1317 1548 1378 nonnihil
1590 1315 1875 1386 haefitant,
1933 1316 1996 1375 ὅτ

276 1397 402 1476 plus
424 1395 774 1475 conjeEturas
805 1399 925 1459 suas
945 1420 1016 1459 ex
1056 1400 1251 1480 priore
1293 1397 1708 1479 praesuppofita
1753 1396 1998 1457 veritat‘e

277 1476 533 1547 tradunt,
579 1477 814 1552 (scilicet
834 1482 969 1539 etim
990 1496 1212 1539 certum
1250 1480 1321 1539 fit
1348 1479 1640 1539 Christum
1670 1497 1784 1558 pro
1812 1476 2002 1537 omni-

277 1558 383 1616 bus
405 1555 512 1616 effe
535 1574 855 1630 mortuum,
899 1559 960 1619 &
981 1559 1176 1619 Deum
1195 1560 1436 1620 salutem
1452 1557 1665 1619 nemini
1682 1557 2003 1639 impossibi-

280 1637 397 1698 lem
420 1636 626 1709 feciffe,
672 1638 802 1699 ideo
822 1655 1062 1720 oportet
1080 1640 1319 1719 aliquod
1338 1640 1446 1700 effe
1474 1639 1751 1710 medium,
1778 1659 1913 1730 ‘quo
1933 1637 2003 1698 il·
2080 1639 2086 1685 ’-

280 1718 323 1779 li
341 1718 579 1779 salutern
600 1720 807 1801 assequi
835 1723 1068 1801 poffint,
1098 1721 1256 1803 quod
1275 1720 1356 1781 est
1374 1719 1467 1780 vel
1498 1738 1794 1780 communi
1815 1719 2005 1800 aliqua
2075 1722 2081 1774 ἶ

282 1799 466 1880 gratia
495 1801 636 1860 bene
664 1802 900 1874 utend0‚
945 1803 1036 1862 vel
1058 1823 1128 1863 ex
1157 1802 1425 1883 operibus
1453 1800 1752 1862 creationis
1770 1799 1832 1859 ὅτ
1867 1819 2006 1881 pro—
2073 1831 2078 1870 J

281 1880 548 1942 videntiae
578 1881 925 1962 colligendo,
967 1882 1109 1962 &C.)
1149 1883 1328 1965 quarn
1350 1883 1577 1943 realiter
1602 1882 1666 1942 δε
1699 1881 2008 1942 secundum
2071 1883 2075 1887 ’

283 1961 601 2040 Scripturas
627 1961 1209 2026 demonstrationibus
1228 1963 1662 2025 evidentibus&
1701 1963 1868 2024 certis
1915 1981 2008 2025 ar·
2074 1975 2079 2017 ῖ

285 2043 596 2122 gumentiS,
639 2044 780 2123 quid
800 2045 870 2105 fit
897 2044 1042 2105 illud
1068 2045 1346 2118 medium,
1389 2044 1708 2105 ostendunt.

368 2125 447 2182 X.
494 2125 544 2184 F
559 2144 579 2181 1
604 2144 643 2182 T
695 2125 893 2205 igitur,
963 2127 1144 2207 quod,
1209 2125 1701 2206 quemadmodum
1755 2125 2011 2186 tenebrae
2068 2122 2086 2193 ,ἒ

2070 2027 2080 2088 l

2068 2085 2086 2119 ÷

287 2201 348 2261 &
378 2223 590 2283 magna
611 2207 888 2284 apostasia
924 2207 982 2267 in
1003 2207 1388 2268 Christianum
1428 2208 1634 2267 orbem
1676 2226 1793 2267 non
1842 2204 2013 2267 simul
2061 2184 2086 2275 ,ἶ

288 2287 401 2348 una
427 2300 599 2344 aetate
617 2286 818 2348 diffusa
839 2286 971 2360 fuit,
1014 2289 1112 2349 sed
1138 2288 1304 2348 certis
1345 2286 1644 2368 gradibuS,
1687 2287 1829 2347 dum
1857 2285 2014 2347 aliud
2068 2272 2086 2370 ξ,

289 2364 387 2425 alii
403 2364 599 2425 locum
626 2364 781 2438 fecit,
827 2370 1011 2429 donec
1060 2371 1305 2431 crassum
1344 2368 1491 2428 illud
1524 2367 1586 2428 &
1625 2367 2013 2430 denfiffimum
2071 2370 2082 2447 ξ

291 2445 487 2505 velum
507 2446 761 2507 nationes
803 2450 1182 2524 obntibilaffet
1222 2451 1285 2510 ὅτ.
1331 2448 1746 2519 obumbrasset,
1791 2469 1932 2528 qu0,
1978 2447 2015 2506 Ξι
2064 2447 2086 2526 -ξ

293 2526 444 2587 sexta
465 2526 561 2585 vel
582 2527 818 2606 septima
839 2531 1011 2610 usque
1039 2532 1112 2590 ad
1139 2530 1421 2590 decimam
1462 2529 1679 2589 sextam
1719 2528 1838 2589 fere
1885 2547 2017 2588 cen·
2066 2534 2083 2560 s‘

295 2609 527 2678 ruriam,
593 2609 910 2670 obscuratae
957 2612 1103 2682 sunt,
1149 2610 1292 2671 ficut
1331 2610 1512 2670 nostis
1542 2610 1791 2671 tenebrae
1820 2608 1876 2669 in
1917 2629 2015 2670 ex·
2068 2604 2078 2642 f'

296 2705 519 2748 ternam
542 2689 889 2751 creationem
915 2711 1032 2753 non
1061 2691 1116 2751 in
1133 2691 1378 2763 instanti,
1397 2690 1493 2750 sed
1517 2690 1807 2769 gradatim
1824 2689 2017 2770 super-

296 2769 553 2841 veniunt,
596 2770 658 2828 &
676 2770 834 2831 ficuti
852 2771 934 2831 sol
965 2773 1022 2832 in
1041 2792 1393 2851 unoquoque
1416 2772 1721 2831 horizonte
1741 2770 2014 2840 declinat,

298 2849 374 2908 sic
395 2848 568 2908 etiam
588 2870 692 2909 nec
709 2852 972 2932 amplum
999 2854 1060 2912 &
1097 2854 1318 2926 clarum
1360 2853 1555 2912 lumen
1593 2852 1654 2911 &
1688 2851 1914 2912 scientia
1934 2849 2016 2910 E-

296 2930 615 3009 vangelicae
661 2932 1081 3012 dispensationis
1130 2928 1341 2994 Chfisti
1386 2933 1655 2994 omnibus
1702 2931 1869 2994 simul
1915 2949 2016 3008 ap-

297 3011 505 3089 paruit.
591 3011 929 3073 Primorum
966 3014 1193 3074 testium
1249 3034 1394 3094 opus
1432 3014 1540 3074 fuit
1589 3013 1769 3095 tnagis
1810 3023 2014 3070 contra

239 3102 242 3108 ’
296 3092 613 3168 apostaseos
660 3094 865 3154 abusus
898 3095 1211 3166 testificari,
1269 3095 1448 3174 quam
1486 3110 1788 3155 veritatem
1831 3089 2017 3149 rursus
2051 3080 2055 3084 ’

299 3170 567 3241 stabilire,
625 3173 689 3231 δε
705 3174 778 3236 ad
799 3175 1152 3254 primitivam
1184 3177 1492 3255 puritatem
1511 3173 1835 3244 restaurare.
1892 3169 2016 3253 Qi

278 3270 514 3315 :novam
543 3251 836 3317 civitatem
850 3256 982 3319 vult
1007 3256 1317 3329 aedificare,
1357 3269 1590 3337 oportet
1607 3251 1799 3334 primo
1819 3266 2016 3391 vegera

1809 3351 1873 3391 ru
1915 3350 2012 3393 era

2060 2655 2076 2732 f
