2086 3640
339 46 431 147 De
457 72 611 160 statu
654 79 927 143 naturalis
970 74 1188 143 hominis
1230 88 1284 145 in
1329 78 1494 167 lapsu.
1721 104 1797 167 79

55 207 214 261 vere,
260 189 298 249 i.
341 208 390 248 e.
433 187 734 247 actualiter
784 186 841 245 in
882 188 1131 266 personis
1180 189 1308 261 suiS,
1352 192 1467 252 viz.
1511 191 1611 272 qui
1659 213 1796 272 pec-

55 270 224 332 candi
272 289 508 350 capaces
547 266 742 327 fuere:
807 266 877 324 de
913 288 1032 346 quo
1073 289 1317 330 numero
1359 274 1517 352 quod
1554 271 1796 333 infantes

31 373 175 413 ‘non
236 354 480 432 potuere
519 350 652 420 effe,
701 347 1026 428 Apostolus
1069 350 1333 430 sequente
1373 355 1535 414 versu
1578 353 1794 434 fignifi-

11 461 15 464 ’
59 450 200 501 cat;
243 432 344 495 ubi
380 431 483 501 ait,
517 442 792 510 peccatum
833 449 932 488 non
970 434 1246 507 imputari,
1312 435 1403 493 ubi
1442 456 1542 495 non
1567 437 1647 512 fit
1690 437 1794 496 lex·

58 515 143 576 Et
172 515 307 608 quia
343 527 474 573 ante
512 510 914 591 probavimuS,
961 511 1268 573 infantibus
1308 535 1426 574 non
1448 518 1555 576 effe
1578 516 1793 598 legem,

59 597 158 657 hic
197 592 411 655 1ncludi
453 612 571 652 non
613 591 858 673 poffunt.
1100 666 1105 671 Ι

137 678 440 736 ΞΕευΝυΑ
486 672 741 754 objectio
781 673 862 733 est
908 693 981 732 ex
1019 672 1168 733 Psal.
1214 674 1272 734 li.
1319 696 1436 736 ver.
1481 696 1535 758 7.
1623 681 1701 739 Et
1741 683 1798 740 in

52 759 333 839 iniquitate
357 757 630 836 formatus
652 756 794 834 fitm,
861 755 931 817 δέ)
973 757 1027 814 in
1078 770 1291 835 peccato
1317 760 1467 836 fovit
1507 782 1587 820 me
1626 775 1800 821 mater

56 845 190 899 mea.
274 837 439 898 Hinc
486 837 796 917 (inquiunt)
835 851 1100 918 apparet,
1147 835 1384 896 infantes
1426 839 1456 897 ὲ
1507 842 1799 921 concepti-

58 941 169 979 one
211 935 452 1001 peccato
494 918 913 979 contaminatos
954 919 1097 977 effe:
1142 919 1441 998 quomodo
1483 923 1629 982 hanc
1658 944 1797 982 con-

16 1010 30 1015 “’
55 1001 403 1083 sequentiam
427 999 692 1071 inferant,
759 999 874 1080 ipse
895 1000 1050 1059 certe
1079 1019 1196 1059 non
1247 999 1434 1060 video.
1521 1004 1797 1083 Iniquitas

59 1083 158 1144 hic
197 1083 259 1143 &
304 1099 607 1163 peccatum
644 1081 789 1140 mihi
826 1080 1076 1151 videtur,
1123 1081 1314 1140 multo
1356 1082 1541 1162 magis
1593 1104 1797 1162 paren-

58 1163 235 1235 tibus,
299 1162 475 1244 quam
512 1161 819 1223 infantibus
868 1163 976 1223 effe
1025 1161 1477 1226 adscribendum.
1567 1164 1800 1226 Dicitur

57 1246 234 1316 enim,
280 1245 336 1304 in
386 1261 630 1325 peccato
672 1243 821 1304 fovit
862 1264 955 1304 me
998 1261 1183 1306 mater
1224 1264 1374 1315 mea,
1443 1265 1561 1304 non
1601 1262 1798 1306 autem

57 1341 397 1407 peccantem
436 1347 530 1386 me
589 1324 738 1385 fovit
778 1342 980 1386 mater.
1067 1327 1378 1396 Praeterea,
1445 1327 1574 1386 talis
1623 1327 1795 1386 inter·

56 1407 311 1489 pretatio
377 1408 510 1467 ante
551 1407 742 1468 citatae
783 1407 1099 1488 Scripturae
1162 1407 1376 1467 directe
1423 1409 1794 1480 contradicit,

58 1488 201 1550 dum
239 1487 479 1549 infantes
527 1486 850 1548 immediati
889 1489 1139 1569 parentis
1179 1506 1557 1570 peccatorum
1592 1491 1799 1550 noxios

56 1570 268 1630 faciat:
313 1573 473 1645 (nam
514 1571 584 1629 de
634 1570 873 1630 Adamo
914 1572 1076 1631 nulla
1117 1570 1214 1630 hic
1251 1572 1323 1630 fit
1362 1571 1606 1650 mentio)
1635 1572 1800 1651 quod

57 1651 245 1732 planis
285 1651 399 1711 illis
428 1651 618 1713 verbis
666 1651 1020 1714 contrarium
1061 1652 1163 1723 est,
1209 1673 1312 1712 non
1337 1655 1486 1732 feret
1513 1653 1670 1726 filius
1696 1656 1798 1715 ini-

60 1736 313 1815 quitatem
343 1738 542 1812 patris.

142 1815 416 1875 TERTIO
459 1813 761 1895 objiciunt,
807 1815 946 1896 quod
964 1812 1286 1892 stipendium
1303 1817 1510 1891 peccati
1537 1837 1679 1878 mort
1696 1819 1798 1895 fit,

58 1895 124 1955 ὅτ
164 1915 299 1957 cum
340 1895 581 1957 infantes
618 1895 991 1976 aegrotationi
1030 1896 1093 1954 ὅτ
1142 1895 1321 1956 morti
1363 1894 1472 1956 fint
1531 1897 1798 1970 obnoxii,

60 1976 191 2038 ideo
232 1976 343 2038 fint
387 1978 565 2038 etiam
608 1991 851 2057 peccato
898 1974 1290 2039 contaminati.

141 2060 552 2131 Rnspounsso,
599 2059 745 2119 hanc
785 2059 893 2118 effe
940 2058 1131 2140 lapsus
1173 2058 1634 2139 consequentiam
1663 2080 1803 2120 con-

60 2139 306 2213 ceditur,
372 2140 465 2199 sed
525 2139 685 2222 quod
723 2139 1027 2202 necefl‘ario
1068 2137 1274 2202 inferat
1323 2141 1686 2222 iniquitatem
1741 2143 1801 2203 in

59 2223 351 2293 omnibuS,
416 2223 515 2303 qui
576 2221 688 2284 illis
729 2222 967 2284 obnoxii
1002 2223 1150 2294 sunt,
1217 2223 1549 2304 denegatur.
1637 2222 1799 2284 Nam

60 2317 190 2375 tota
247 2321 480 2364 externa
522 2303 736 2366 creatio
778 2303 1102 2366 maximum
1149 2304 1583 2375 detrimentum,
1651 2305 1796 2375 imo,

61 2385 318 2464 quodam
369 2387 645 2467 respectu,
714 2391 939 2447 ruinam
1002 2386 1221 2448 Adami
1286 2386 1445 2468 lapsu
1489 2385 1644 2465 passa
1692 2386 1796 2455 est,

62 2485 198 2544 quae
236 2467 413 2529 etiam
455 2469 560 2531 sub
608 2468 864 2529 vanitate
904 2467 1247 2550 ingemiscit,
1291 2467 1600 2529 secundum
1641 2468 1801 2547 quod

63 2545 275 2607 dicitur
314 2551 471 2630 apud
520 2552 664 2631 Job‚
710 2549 867 2630 quod
888 2573 980 2611 nec
1005 2551 1128 2611 caeli
1156 2554 1290 2628 puri
1314 2551 1429 2626 stnt
1457 2551 1511 2607 in
1540 2549 1801 2626 conspeffiu

64 2629 214 2705 Dei:
273 2653 390 2695 non
426 2632 558 2698 inde
598 2650 790 2694 tamen
839 2632 1114 2714 sequitur,
1178 2631 1408 2701 herbaS,
1454 2646 1691 2701 terram,
1738 2630 1801 2688 ὅτ

66 2711 301 2770 arbores
341 2712 683 2793 peccatrices
722 2714 848 2773 effe.
936 2709 1178 2783 Deinde,
1226 2710 1360 2770 licet
1380 2732 1536 2771 mors
1576 2711 1646 2771 fit
1674 2712 1799 2791 lap-

68 2789 159 2849 sus
200 2793 593 2874 consequentia
635 2796 906 2855 humanae
961 2809 1181 2852 naturae
1223 2792 1491 2864 incidenS,
1556 2813 1673 2853 non
1713 2810 1801 2852 ta-

70 2891 203 2931 men
240 2874 458 2953 peccati
499 2875 842 2957 stipendium
876 2874 958 2934 est
998 2875 1055 2936 in
1093 2874 1331 2947 Sanfffl,
1396 2875 1491 2934 sed
1530 2875 1722 2956 potius
1764 2876 1800 2932 a

70 2969 261 3012 morte
304 2957 376 3014 ad
413 2957 597 3017 vitam
637 2956 934 3038 migratio,
980 2977 1110 3037 quae
1150 2978 1267 3018 non
1306 2955 1498 3017 solum
1535 2977 1648 3015 non
1672 2977 1802 3016 mo-

72 3033 212 3094 lesta
249 3036 311 3094 &
353 3037 723 3099 incommoda
745 3039 856 3098 illis
896 3037 976 3098 est
1017 3037 1204 3115 (ficuti
1244 3037 1439 3118 omnia
1468 3039 1641 3098 realia
1668 3037 1799 3120 sup-

73 3115 247 3198 plicia
308 3118 457 3199 sunt)
526 3137 595 3180 ut
642 3120 963 3201 Apostolus
1022 3140 1152 3181 eam
1221 3120 1447 3180 lucrum
1497 3118 1796 3181 existimet.

77 3199 232 3258 Mihi
291 3204 426 3261 mori
485 3202 690 3262 lucrum
750 3205 843 3263 est.
934 3201 1083 3262 Phil.
1144 3202 1181 3261 i.
1236 3220 1332 3263 21.
1419 3200 1677 3284 Qidam
1721 3202 1799 3262 ita

76 3276 235 3343 stulti
291 3281 439 3357 sunt,
502 3300 570 3347 ut
628 3282 815 3345 adhuc
855 3282 1237 3365 objectionem
1294 3284 1407 3344 hoe
1454 3283 1633 3344 modo
1682 3282 1801 3342 for-

46 3385 48 3391 ’
1594 3379 1752 3424 ment
1782 3386 1795 3423 :
