2086 3640
199 79 309 136 182
493 77 1632 140 THESISSEPTIMA.

197 199 218 224 ⁶
232 189 465 262 firmant
491 212 508 251 3
538 186 637 266 sed
655 188 723 252 ὅθ
746 187 881 257 tolli,
934 184 1118 258 deleri,
1164 185 1435 254 mundari,
1480 184 1923 267 ablui,‘purgari‚

199 279 219 306 ⁶
251 267 526 346 longiffime*
567 270 602 326 ὰ
647 269 790 330 nobis
827 271 1109 339 removeri,
1173 280 1231 326 ut
1272 288 1335 328 ex
1363 265 1615 344 plurimis
1653 267 1708 325 S.
1745 269 1926 345 Scrip-

190 357 227 397 ‘⁶··
255 362 393 408 tura>
436 347 558 408 locis
607 351 817 424 constat.
900 348 1062 411 Idem
1111 345 1416 411 Forbefius
1454 347 1717 426 sequente
1742 347 1930 428 capite

193 427 465 499 ostendit,
514 431 659 489 hanc
701 430 858 493 fuiffe
907 446 1142 511 pat-rum
1182 428 1538 510 opinionem,
1599 446 1673 489 ex
1711 426 1931 509 scriptis

198 528 407 568 eorum
446 510 506 568 id
550 510 877 584 fatentibuS,
938 511 1036 590 qui
1078 510 1426 572 contrariam
1475 506 1811 568 sententiam
1850 523 1933 567 te-

199 605 377 661 nent,
404 611 655 669 quorum
684 613 866 673 pauca
893 613 964 654 ex
985 592 1090 655 illo
1118 590 1513 670 transcribam.
1597 589 1765 651 Calv.
1794 587 1914 650 Inst

205 670 303 729 lib.
351 691 405 747 3.
451 694 574 752 cap.
625 695 716 734 11.
758 674 872 734 seft
939 694 1030 749 15.
1074 674 1171 747 ait-
1220 686 1239 712 ⁶
1269 673 1552 754 Augustini
1587 669 1790 753 quidem
1811 672 1941 749 sen-

210 763 229 789 ⁶
258 756 444 823 tentia,
490 754 583 814 vel
605 756 797 832 saltem
837 755 1074 837 loquendi
1107 759 1266 827 ralia,
1309 771 1412 834 per
1445 754 1619 813 omnia
1646 750 1942 830 recipienda

211 844 232 870 ⁶
263 855 361 892 noa
398 836 469 910 est
507 857 520 892 ε
565 840 767 914 tametsi
815 842 949 898 enim
1002 839 1198 918 egregie?
1253 838 1506 896 hominem
1551 834 1690 894 omni
1719 835 1942 916 justitiae

213 924 233 950 ⁶
266 914 425 974 laude
449 917 657 995 spoliet,
706 941 769 978 ac
803 931 964 979 totum
999 921 1106 980 Dei
1135 922 1331 1000 gratioe
1359 916 1679 997 transcribat
1710 939 1729 982 3
1765 917 1944 996 grati-

215 1007 234 1033 ‘
265 1018 353 1055 am
381 1010 554 1058 tamen
597 1000 672 1059 ad
696 1002 734 1058 S
737 1002 1169 1075 anttz'ficationem
1196 1001 1380 1081 refert,
1426 998 1535 1081 qud
1555 1000 1610 1058 in
1637 998 1772 1059 vitae
1792 996 1950 1055 novi-

218 1089 237 1116 ⁶
270 1090 428 1139 tatem
455 1097 560 1158 per
587 1082 844 1158 Spiritum
864 1102 1248 1162 regeneramur.
1294 1078 1648 1140 Chemnitius
1677 1077 1733 1137 in
1759 1094 1948 1136 exam.

211 1160 422 1218 concil.
449 1161 616 1220 Trid.
654 1162 722 1220 de
747 1162 891 1240 Just.
933 1180 1067 1242 pag
1100 1183 1230 1242 129.
1320 1173 1339 1200 ⁶
1370 1160 1653 1231 Patribus,
1694 1157 1812 1218 licet
1828 1156 1947 1236 ple-

215 1252 239 1296 ἕ
270 1263 486 1321 rumque
546 1244 768 1303 verbum
799 1246 1091 1325 justificare
1132 1246 1395 1322 accipiant
1438 1259 1543 1322 pro
1590 1241 1947 1308 renovatione,

221 1333 241 1358 ⁶
273 1325 379 1402 qua*
409 1323 702 1400 efficiuntur
741 1329 797 1384 in
819 1327 958 1387 nobis
969 1341 1073 1403 per
1107 1327 1364 1403 Spiritum
1379 1341 1548 1402 opera
1568 1322 1817 1404 justitiae,
1848 1337 1956 1379 non

225 1414 242 1441 ⁶
275 1425 537 1463 movemus
570 1405 727 1465 litem.
769 1407 838 1467 δέ
883 1427 1016 1484 pag.
1070 1427 1201 1481 130.
1247 1406 1317 1468 ἐς)
1352 1418 1537 1485 patres
1585 1402 1787 1484 quidem
1825 1421 1955 1459 ver-

224 1495 242 1520 ‘
273 1486 392 1543 bum
443 1487 738 1564 justificare
798 1486 901 1545 heic
947 1489 1328 1567 fignificatione
1367 1492 1395 1562 (
1428 1489 1604 1563 'ustum
1626 1482 1822 1563 scilicet
1851 1484 1957 1562 fa-

233 1576 251 1601 ‘
283 1565 476 1641 ciendi)
507 1569 653 1644 scepei
693 1568 948 1645 usurpare
983 1588 1084 1626 non
1118 1571 1310 1646 ignoro.
1399 1510 1451 1624 Ξ

224 1647 300 1704 ad
330 1646 537 1725 Ephes.
580 1667 701 1706 ver.
746 1670 803 1720 4.
846 1647 983 1706 loco
1012 1647 1082 1706 de
1111 1647 1256 1726 Just.
1297 1647 1472 1706 Thes.
1521 1664 1612 1723 15.
1661 1644 1770 1707 ⁶&
1804 1645 1963 1722 juxta
2051 1717 2058 1728 Α

228 1739 246 1764 ⁶
277 1729 411 1787 hauc
434 1729 867 1808 fignificationem
909 1730 1143 1806 (justum
1175 1729 1374 1807 scilicet
1394 1726 1689 1809 faciendi)
1746 1738 1955 1819 patres,
2051 1761 2071 1791 s.

1455 1567 1616 1626 anch.
1654 1565 1712 1624 in
1741 1583 1867 1642 cap.
1902 1582 1958 1627 2,
2050 1623 2051 1626 Ἴ

229 1820 248 1848 ⁶
279 1823 433 1888 atque
471 1812 729 1886 imprimis
766 1811 1108 1891 Augustinus,
1143 1811 1366 1870 verbum
1409 1806 1737 1891 justificandi
1799 1818 1967 1866 mter-
2048 1808 2086 1893 ³3¹*

231 1901 250 1929 ⁶
272 1894 477 1967 prelati
512 1893 642 1968 sunt
669 1913 687 1948 .·
730 1905 789 1950 ut
809 1893 1097 1971 justificari
1132 1891 1238 1951 illis
1279 1891 1359 1952 nil
1387 1890 1541 1952 aliud
1564 1891 1764 1971 fuerit,
1802 1888 1965 1970 quam
2070 1943 2075 1954 ,

233 1982 252 2008 ⁶
283 1993 344 2029 ex
366 1973 548 2060 injusto
554 1974 755 2051 justum
776 1975 907 2047 fieri
917 1989 1022 2049 per
1034 1975 1270 2052 gratiam
1297 1974 1405 2033 Dei
1420 1984 1645 2050 propter
1670 1970 1958 2048 Christum.

231 2051 902 2210 {lrsslzaosslelszgfgirggtsed
923 2055 1046 2112 haze
1069 2053 1140 2112 ad
1174 2053 1435 2114 nostrum
1466 2050 1834 2132 propositum
1855 2050 1970 2111 hoc
2052 2114 2057 2121 ,

314 2213 480 2275 VIII.
527 2215 576 2271 C
600 2235 710 2272 UM
746 2214 872 2292 jam
914 2213 1040 2274 satis
1081 2216 1397 2295 probatum
1438 2213 1528 2284 fit,
1574 2232 1679 2294 per
1705 2213 1968 2295 justifica-

231 2298 418 2355 tionem
458 2294 702 2374 intelligi
745 2296 975 2366 debere,
1022 2296 1249 2356 realiter
1276 2295 1426 2355 effici
1456 2294 1718 2374 justum:
1784 2294 1968 2354 confi-
2040 2311 2041 2314 ’
2084 2331 2086 2339 1

233 2376 433 2434 denter
455 2375 710 2446 affirmO,
756 2377 924 2455 idque
941 2398 1056 2436 non
1077 2376 1266 2438 solum
1295 2377 1517 2436 scienti&
1547 2375 1845 2447 notionali,
1875 2374 1970 2436 sed
2040 2371 2042 2374 ’

236 2457 542 2516 secundum
594 2458 805 2517 realem
853 2458 1286 2537 experientiam,
1352 2459 1412 2516 δε
1461 2457 1542 2516 rei
1576 2456 1967 2526 sensationern,

238 2538 397 2616 quod
434 2537 599 2596 causa
639 2537 992 2609 immediata,
1053 2539 1324 2620 proxima
1356 2540 1416 2597 &
1451 2538 1711 2599 formalis
1751 2537 1818 2614 (fi
1861 2538 1973 2597 hoc
2032 2507 2086 2602 ,¹³:¹³

238 2620 421 2678 verbo
470 2618 556 2677 uti
598 2626 891 2699 oporteat)
934 2619 1043 2699 qufi
1095 2621 1274 2680 homo
1326 2619 1675 2698 justificatur
1717 2619 1775 2678 in
1833 2638 1970 2678 con·
2039 2690 2042 2695 Ι
2081 2637 2086 2667 1·

240 2699 430 2777 spestu
486 2699 617 2768 Dei,
686 2699 756 2760 fit
796 2701 1052 2762 revelatio
1090 2703 1218 2781 Jestc
1261 2703 1459 2778 Christi
1496 2704 1552 2760 in
1602 2700 1808 2772 ammei,
1873 2697 1973 2780 qui

242 2779 528 2839 convertit
568 2781 630 2840 &
658 2798 898 2842 renovat
938 2782 1216 2854 animum,
1263 2804 1400 2863 qu0,
1447 2782 1546 2862 qui
1575 2780 1738 2860 hujus
1786 2779 1975 2861 operis
2084 2850 2086 2860 .

243 2861 453 2920 author
485 2860 589 2932 est,
639 2860 714 2920 fic
737 2861 992 2922 formato
1020 2864 1082 2921 δε
1112 2864 1387 2934 revelam,
1431 2863 1566 2923 ver&
1596 2862 1976 2942 justificamur
2002 2891 2005 2894 -

244 2943 305 3001 δί
347 2958 739 3022 acceptarunt,
806 2943 863 3001 in
906 2945 1210 3025 conspeffiffl
1249 2945 1394 3003 Dei:
1466 2964 1601 3004 nam
1644 2946 1755 3005 hoc
1794 2939 1972 3001 modo

249 3022 479 3081 Christo
522 3023 711 3113 operti
758 3024 818 3082 &
857 3024 1042 3085 induti
1081 3026 1288 3095 sumus,
1367 3026 1424 3084 in
1470 3045 1589 3106 quo
1631 3021 1791 3102 Patri
1833 3018 1975 3080 bene}

248 3103 626 3181 complacuit,
659 3099 754 3164 'ut
795 3106 927 3166 Deo
970 3107 1458 3187 appropinquare,
1522 3104 1584 3163 &
1619 3117 1753 3163 ante
1803 3099 1974 3160 illum

247 3182 411 3252 stare,
457 3185 812 3244 confidenter
860 3190 1180 3266 poffimus;
1245 3192 1379 3248 esim
1439 3203 1573 3247 tunc
1661 3180 1852 3262 urgati
1903 3179 1973 3240 fi-

250 3281 396 3332 muS,
443 3264 751 3326 mundante
772 3267 902 3345 Jesu
930 3265 1201 3349 sanguine
1227 3269 1284 3330 in
1311 3266 1507 3330 animis
1537 3205 1738 3325 noKris
1761 3260 1967 3340 infuso,

1769 3343 1830 3405 δε
1849 3341 1972 3410 vitai
2015 3372 2023 3378 ·
2084 3335 2086 3355 ³
