2086 3640
216 91 308 150 De
326 62 619 164 universali
647 84 718 148 [ἃ
743 85 1025 166 fizlutift’ro
1046 82 1242 144 lumine
1280 83 1410 165 Jqsu
1431 77 1646 157 Christi.
1690 95 1769 157 97

140 191 657 251 CHRYsosTOMus
705 188 762 246 in
809 189 1015 267 Johan.
1063 200 1188 267 cap.
1219 188 1255 247 i.
1346 204 1364 229 ⁴
1405 191 1466 251 Si
1503 190 1776 252 illuminat

63 282 85 311 ‘
123 293 321 332 omnem
359 271 612 331 hominem
643 271 930 330 venientem
975 274 1030 330 in
1057 272 1194 330 hunc
1239 273 1508 345 mundum,
1585 293 1776 334 uenam

32 361 83 390 '‘
115 361 276 447 patto
329 364 404 411 tot
447 353 673 410 homines
695 352 816 426 stne
847 351 1044 410 lumine
1080 366 1430 428 permanent.
1409 355 1449 396 Ρ
1555 375 1676 434 eque
1720 360 1774 414 ε’-

12 449 18 453 ·
64 445 84 471 6
125 439 234 493 nim
280 451 446 500 omnes
482 431 748 507 Christum
793 433 1080 511 agnoscunt.
1166 431 1430 510 Qomodo
1477 455 1608 513 ergo
1647 433 1774 494 illu-

66 525 85 552 ‘
126 519 294 574 minat
321 531 518 572 omnem
566 512 856 571 hominem.
848 512 876 554 9
921 511 1204 572 Illuminat
1237 516 1416 592 prose
1406 517 1475 572 ⁶2¹5
1523 529 1778 593 quantum

66 606 86 632 ‘
126 598 182 655 in
230 592 329 672 ipso
367 593 453 669 cst.
537 593 597 650 Si
631 593 724 671 qui
771 602 946 652 autem
978 593 1163 668 sponte
1199 594 1308 668 fita*
1383 601 1566 654 mentis
1617 595 1777 656 oculis

68 687 88 714 6
126 673 514 735 conniventibus
578 673 653 732 ad
690 673 842 754 hujus
897 671 1027 730 lucis
1090 672 1265 731 radios
1327 679 1490 734 aciem
1551 676 1778 757 dir-igere

65 767 88 795 6
126 755 406 826 noluerint,
451 774 551 814 non
587 775 652 814 ex
679 753 892 814 luminis
939 753 1144 812 natura*
1173 756 1227 811 in
1280 756 1503 816 tenebris
1535 763 1777 834 perstite-

62 846 83 875 ‘
121 849 267 907 runt,
298 836 396 914 sed
446 835 659 895 malitia
705 835 835 914 ficei,
880 836 969 916 qui
992 834 1178 911 sponte³
1212 846 1358 892 tanto
1391 839 1453 912 se
1507 838 1634 897 dono
1694 841 1777 898 in-

65 929 85 956 ‘
124 918 209 998 dig
211 938 299 976 nos
327 915 682 978 reddiderant.
769 915 884 975 Cur
922 936 1023 975 non
1077 914 1438 974 crediderunt.
1432 918 1458 960 ?
1502 921 1626 997 quia
1681 939 1777 977 no-

62 1007 84 1038 6
124 941 352 1058 luerunt.
439 999 553 1076 Ipse
605 1009 778 1057 autem
814 997 988 1077 Jcfics,
1031 994 1167 1077 quod
1201 997 1429 1074 fitarum
1475 1013 1594 1060 erat
1638 1016 1778 1076 par-

65 1091 87 1121 6
123 1083 274 1150 tium,
302 1081 512 1159 fecit.”

142 1162 439 1220 Svnonus
500 1159 870 1230 ArelatenIiS‚
951 1157 1147 1218 habita.
1188 1159 1338 1218 circa
1378 1178 1591 1219 annum
1637 1178 1778 1238 490.

0 1257 1 1264 ³
66 1253 88 1280 ‘
132 1241 435 1300 Anathema
473 1243 531 1319 s
529 1254 553 1300 t
585 1241 694 1313 ille,
740 1246 829 1322 qui
869 1240 1082 1309 dixerit,
1127 1240 1267 1320 qued
1292 1239 1530 1316 Christus
1558 1262 1656 1300 non
1677 1258 1785 1318 pro

67 1333 88 1361 ‘
127 1324 359 1381 omnibus
401 1334 634 1384 mortuus
675 1324 774 1403 st,
818 1343 909 1385 nec
954 1341 1124 1382 omncs
1188 1323 1415 1381 hemines
1446 1321 1634 1399 salvos
1688 1323 1784 1403 eff:

69 1414 91 1444 ‘
126 1402 277 1462 velit.
307 1405 348 1430 ''

23 1491 48 1504 ²
142 1485 524 1544 AMBRosms
572 1484 628 1547 in
671 1484 881 1546 Psalm.
913 1484 1100 1545 cxviii.
1144 1485 1325 1545 Serm.
1374 1486 1428 1542 8.
1518 1494 1536 1523 ‘
1581 1484 1782 1565 Mffli-

67 1577 88 1606 ‘
127 1586 214 1624 cus
245 1566 333 1644 sol
366 1565 461 1624 ille
481 1567 707 1645 justitioe
736 1567 978 1635 ‘omnibus
1005 1580 1148 1626 ortus
1201 1569 1291 1641 cst,
1351 1565 1584 1625 omnibus
1611 1569 1779 1636 venit,

39 1651 88 1686 ’6
129 1646 358 1706 omnibus
396 1647 575 1725 paffits
616 1649 708 1723 cst,
756 1647 825 1707 &²
879 1648 1111 1706 omnibus
1146 1649 1445 1723 resurrexit.
1534 1646 1653 1704 Ideo
1684 1668 1783 1705 au·

69 1738 90 1765 ‘
129 1741 233 1786 tem
277 1727 457 1805 paffus
492 1727 583 1803 est,
628 1739 689 1786 ut
729 1725 936 1785 tolleret
973 1739 1243 1803 peccatum
1286 1726 1483 1786 mundi.
1569 1728 1628 1785 Si
1670 1731 1785 1806 quis

71 1820 93 1846 ‘
133 1820 308 1866 autem
364 1828 465 1866 non
522 1807 688 1868 credit
733 1810 790 1865 in
831 1807 1120 1883 Christum,
1173 1807 1430 1887 generali.
1455 1808 1690 1881 beneficio
1724 1812 1785 1887 β’

74 1901 94 1928 6
135 1888 456 1967 defraudat:
498 1902 558 1948 ut
590 1890 645 1965 st
690 1890 821 1966 quis,
894 1887 1078 1967 clausts
1107 1888 1373 1966 fenestris,
1447 1888 1624 1948 radios
1655 1891 1787 1967 solis

73 1981 94 2008 ‘
136 1968 399 2038 excludat,
443 1989 544 2028 non
591 1969 699 2028 ideo
732 1967 820 2047 sol
864 1989 960 2028 non
1015 1982 1158 2029 ortus
1217 1971 1287 2044 est
1333 1970 1586 2038 omnibus,
1659 1973 1787 2050 quia

73 2061 93 2090 ‘
131 2049 306 2109 calore
341 2053 447 2144 ejus
499 2052 601 2128 ipſse
642 2051 703 2127 se
741 2050 1041 2128 fraudavit
1068 2072 1087 2107 .-
1171 2051 1277 2109 Sed
1326 2049 1462 2129 quod
1499 2050 1626 2128 solis
1691 2054 1782 2128 est,

73 2143 94 2173 6
122 2135 545 2211 praerogativam
583 2133 742 2208 fitam
790 2131 1023 2208 servat:
1110 2131 1247 2211 quod
1296 2133 1637 2209 impiudentis
1690 2135 1784 2210 cst,

74 2225 95 2254 6
135 2216 411 2272 communis
447 2235 483 2271 a
513 2213 572 2291 se
598 2214 837 2302 gratiam
871 2212 999 2271 lucis
1042 2212 1284 2272 excludit.
1370 2213 1521 2272 libro
1572 2235 1593 2271 1
1615 2235 1663 2272 1
1715 2214 1789 2274 de

75 2292 302 2353 Cain&
332 2292 514 2363 Abel,
559 2313 684 2371 cap.
728 2311 803 2350 111.
892 2305 910 2331 ‘
955 2293 1075 2353 Ideo
1115 2295 1344 2353 omnibus
1390 2309 1549 2372 opera
1577 2294 1790 2372 sanita-

76 2388 99 2415 ‘
136 2375 205 2433 tis
241 2373 446 2445 detulit,
506 2385 565 2434 ut
593 2376 876 2454 quicunque
918 2375 1165 2451 perierit,
1214 2378 1394 2434 mortis
1432 2377 1548 2453 fitae
1610 2378 1793 2455 causas

78 2466 99 2494 6
124 2456 236 2532 fibi
281 2455 564 2535 adscribat,
610 2458 699 2534 qui
739 2455 922 2514 curari
955 2455 1141 2525 noluit,
1208 2478 1322 2516 cum
1361 2456 1643 2516 remedium
1690 2459 1791 2515 ha-

77 2547 100 2576 ‘
140 2537 303 2607 beret,
369 2553 540 2616 quop
497 2536 659 2626 poffi’t
699 2535 940 2596 evadere.
970 2538 1011 2563 ''
1122 2537 1275 2595 Cum
1316 2537 1493 2615 igitur
1529 2537 1792 2598 doctrina

75 2616 202 2679 haec
231 2618 302 2676 de
347 2615 763 2677 universalitate
801 2616 1003 2676 mortis
1047 2617 1258 2677 Christi
1294 2617 1372 2676 ita
1420 2632 1556 2677 nota
1595 2617 1683 2688 fit,
1728 2621 1793 2679 δε

73 2690 500 2777 scripturarum
530 2697 874 2768 testimoniO,
918 2718 1021 2756 nec
1039 2718 1153 2757 non
1174 2697 1418 2777 purioris
1446 2699 1797 2779 antiquitatis

75 2776 250 2837 sensu1
266 2781 657 2849 consentanea,
702 2777 915 2838 mirum
963 2777 1145 2837 forsan
1191 2778 1500 2849 videbitur,
1548 2801 1794 2859 quomo-

77 2858 157 2918 do
186 2875 278 2917 tot
296 2858 358 2916 δε
378 2874 499 2918 tam
520 2859 678 2917 docti
703 2859 766 2917 &c
790 2860 868 2939 pii
895 2863 986 2934 (ut
1003 2858 1416 2938 existimantur)
1451 2859 1562 2918 viri
1591 2881 1647 2920 m
1668 2877 1795 2920 tan-

78 2955 209 3000 tum
230 2940 292 2997 δε
324 2956 445 2999 tam
486 2958 726 3018 gravem
753 2959 1010 2998 errorem
1057 2939 1324 2999 cecidere.
1412 2937 1604 3018 Hujus
1633 2941 1795 3001 causa

77 3039 152 3080 ex
173 3019 285 3078 hoc
312 3019 626 3079 luculenter
653 3036 940 3111 apparet,
958 3019 1115 3099 qubd
1137 3020 1225 3080 vel
1250 3020 1475 3091 modus,
1520 3042 1636 3100 quo
1677 3022 1793 3080 vir-

80 3115 170 3163 tus
190 3100 252 3158 &
279 3101 529 3160 efficacia
557 3097 718 3178 hujus
766 3099 968 3162 mortis
1008 3100 1270 3161 omnibus
1311 3102 1793 3173 communicatur,

83 3178 200 3244 tion
229 3181 379 3238 reete
399 3179 748 3261 jampridem
778 3180 1098 3240 intellectus
1124 3182 1244 3247 est·,
1289 3180 1382 3240 sed
1411 3182 1473 3240 δι’
1511 3182 1610 3260 qui
1681 3182 1797 3244 rio-

86 3279 213 3323 rem
237 3261 539 3325 veritatem
566 3259 957 3330 defenderunt,
1002 3261 1074 3322 de
1103 3261 1213 3323 hoc
1227 3224 1495 3323 'lxaeretice
1516 3263 1578 3320 δε
1595 3283 1631 3321 0
1678 3263 1797 3323 scu-.

863 3343 959 3409 H
1366 3343 1430 3404 re
1462 3342 1801 3407 docuerunt
