2086 3640
233 75 309 136 70
558 23 1036 116 fHEszs
1107 44 1649 127 QUARTA

227 164 452 233 ciniani,
518 164 581 220 &
610 159 780 220 multi
826 159 973 218 inter
1003 155 1362 217 Pontificios.
1450 157 1715 249 Qi'idam
1760 175 1957 221 autem

225 245 282 305 in
312 246 559 306 alterum
592 256 918 300 extremum
973 238 1052 298 ita
1098 238 1369 299 recedunt
1415 240 1650 320 (quibus
1679 239 1957 320 Augusti-

225 348 351 396 nm,
419 323 738 381 declinante
777 320 904 401 jam
942 335 1137 391 aetate,
1227 321 1358 380 zelo
1409 335 1612 379 contra
1651 318 1956 400 Pelagium

225 407 497 487 agitatUS,
564 403 722 463 viam
769 403 990 483 primus
1028 401 1295 462 omnium
1320 422 1390 463 ex
1420 400 1666 483 antiquis
1704 403 1962 482 aperuit)

227 506 293 547 ut
348 505 464 545 non
530 484 717 543 solum
782 483 1069 545 fateantur
1136 483 1418 556 homines?
1452 506 1523 544 ex
1574 482 1627 542 se
1691 482 1767 544 ad
1813 483 1961 543 bene

226 566 516 646 agendum
567 566 811 645 ineptos,
878 566 941 625 δε
977 566 1046 626 ad
1086 565 1309 625 malurn
1358 563 1647 646 proclives
1683 589 1702 632 3
1775 563 1870 623 sed
1898 564 1960 623 δε

225 649 538 719 affirment,
600 648 759 726 quod
804 650 1006 718 homO,
1079 647 1219 707 dum
1241 645 1427 706 adhuc
1457 647 1514 706 in
1558 661 1727 707 utero
1758 646 1993 706 matris'

226 729 328 800 est,
393 729 455 786 &
503 743 809 808 antequam
847 745 1146 811 peccatum
1190 727 1378 788 ullum
1399 727 1619 789 actuale
1640 743 1958 808 perpetrat,
2062 792 2063 797 ἵ

227 814 420 871 reatus
492 810 553 868 &
609 813 828 890 peccati
902 811 1154 871 criminis
1202 808 1338 867 vere
1409 808 1612 869 noxius
1682 807 1774 880 fit,
1846 828 1964 887 quo
2054 831 2055 834 ¹

227 908 506 952 aeternam
554 906 806 952 mortem
857 909 1147 952 meretur:
1241 888 1397 968 cujus
1443 889 1610 949 causa
1660 909 1777 948 non
1826 888 1964 948 hor-

228 973 447 1034 rescunt
476 974 766 1034 affirmare
790 976 1118 1035 innumeros
1156 970 1398 1032 infantes
1427 969 1771 1050 sempiterne
1799 969 1963 1031 dam-

229 1055 373 1125 nari,
446 1054 508 1114 &
549 1057 832 1137 perpetuo
888 1055 1093 1118 >inferni
1140 1052 1443 1114 tormentis
1500 1051 1758 1112 cruciari.
1823 1051 1963 1111 Ideo

229 1137 386 1196 Deus
435 1137 718 1209 veritati5‚
795 1158 929 1198 cum
973 1135 1102 1217 jam
1147 1135 1386 1195 demum
1449 1135 1760 1205 veritatem
1808 1132 1966 1193 suam

227 1218 528 1288 revelavit,
604 1221 818 1279 bonam
854 1219 1017 1280 illam
1057 1218 1119 1277 δε
1154 1237 1385 1297 aequam
1434 1217 1616 1287 viam,
1704 1213 1806 1275 suo
1833 1215 1963 1294 Spi-

229 1298 342 1358 ritu
398 1299 598 1359 docuit
645 1322 748 1362 nos
797 1317 1110 1382 utrumque
1145 1315 1472 1360 extremum
1517 1297 1766 1377 fugere;
1811 1297 1973 1375 quod

227 1381 395 1441 nobis
438 1403 587 1442 nunc
625 1382 989 1442 tractandum
1047 1380 1213 1441 thesis
1270 1379 1463 1439 nostra
1519 1377 1813 1460 proponit.
1888 1377 1973 1439 Et
2055 1386 2074 1435 -J

230 1462 425 1540 primo
474 1464 731 1544 quidem,
794 1464 974 1544 qualis
1020 1463 1090 1523 sit
1139 1461 1314 1528 status
1360 1459 1608 1527 hominis
1635 1511 1637 1515 ,
1666 1462 1725 1520 in
1780 1459 1963 1538 lapsu,

228 1544 290 1600 &
346 1561 705 1624 quantopere
750 1545 989 1624 incapax
1036 1545 1106 1605 sit
1155 1542 1228 1602 ad
1267 1564 1355 1602 res
1384 1542 1603 1602 divinas
1624 1540 1966 1621 operandas,

228 1624 512 1697 Secundo,
588 1626 746 1705 quod
803 1626 959 1684 Deus
1022 1626 1133 1684 hoc
1190 1625 1413 1685 malum
1469 1622 1782 1684 infantibus
1851 1644 1970 1683 non
2053 1638 2062 1687 ἰ

230 1704 508 1787 imputat,
571 1707 758 1767 donec
797 1706 850 1768 se
916 1707 999 1767 illi
1051 1706 1353 1768 aftualiter
1395 1703 1688 1785 peccando
1732 1704 1969 1784 conjun-
2061 1757 2067 1760 .

231 1805 394 1866 gant,
457 1804 525 1849 ut
575 1788 669 1860 fic,
743 1789 1048 1850 veritatem
1106 1785 1533 1857 confirmando,
1619 1805 1849 1846 errores
1892 1807 1965 1846 ex
2058 1796 2064 1811 ²

230 1870 471 1950 utraque
518 1887 680 1950 parte
709 1888 1068 1931 enerventur.
1158 1869 1336 1951 Qiod
1364 1869 1437 1928 ad
1465 1867 1706 1929 tertium
1735 1867 1962 1940 attinet,

231 1948 398 2022 illud,
450 1952 698 2016 thesibus
745 1953 1022 2013 inclusum
1068 1952 1138 2011 de
1177 1950 1503 2030 pastoribus
1536 1949 1725 2030 gratia
1771 1970 1969 2010 caren—

233 2032 406 2102 tibus,
480 2034 553 2093 ad
610 2033 897 2094 decimam
956 2034 1136 2095 thesin
1203 2032 1502 2102 referetur,
1596 2031 1698 2091 ubi
1780 2030 1969 2111 magis
2050 2063 2062 2074 »

231 2114 654 2194 particulariter
701 2118 1000 2177 tractatur.

317 2196 391 2254 ΙΙ.
438 2197 618 2279 Qod
683 2197 756 2256 ad
812 2200 1093 2278 primum,
1168 2196 1412 2256 curiosas
1484 2194 1610 2271 illas
1683 2194 1970 2267 notione3‚

234 2298 374 2357 quas
440 2278 700 2360 plerique
738 2279 964 2351 docent,
1031 2280 1102 2339 de
1141 2278 1289 2338 statu
1340 2277 1497 2336 Adae
1538 2293 1669 2338 ante
1720 2273 1968 2356 lapsum,
2049 2340 2054 2344 ,

235 2374 560 2443 praetere03
653 2361 710 2420 in
778 2362 890 2420 hoc
918 2381 1129 2422 omnes
1179 2359 1558 2430 consentiunt,
1623 2357 1784 2439 quod
1811 2358 1972 2438 lapsu
2047 2403 2051 2407 -

235 2461 510 2520 magnam
543 2441 906 2503 foelicitatem
951 2442 1218 2514 amiserit,
1265 2456 1380 2500 non
1411 2441 1600 2500 solum
1644 2440 1701 2500 in
1748 2438 1811 2498 iis
1841 2461 1972 2520 quae
2036 2484 2044 2493 ,

236 2523 310 2583 ad
351 2539 652 2584 externum
683 2522 978 2584 hominem
1015 2525 1294 2605 spectant,
1367 2522 1461 2581 sed
1488 2522 1661 2580 etiarn
1707 2521 1964 2601 respectu
2046 2535 2053 2575 f

236 2605 582 2684 propinquae
631 2605 800 2677 illius,
865 2622 1042 2687 quam
1100 2626 1234 2664 cum
1281 2604 1412 2662 Deo
1451 2604 1724 2673 habebat,
1800 2622 1966 2662 corn-

235 2687 562 2754 munionis;
629 2690 740 2748 hoc
789 2687 1203 2747 detrimentum
1254 2686 1310 2744 in
1357 2700 1658 2765 praecepto
1710 2684 1798 2743 illi
1855 2683 1969 2764 fig-
2038 2748 2043 2752 ⁴

231 2767 535 2830 nificatum
570 2769 698 2842 fuit,
793 2791 890 2851 quo
928 2769 1011 2830 die
1058 2770 1331 2829 comederis
1388 2789 1452 2828 ex
1500 2790 1575 2838 ev,
1625 2769 1805 2847 utique
1850 2788 1960 2825 mo-

236 2852 411 2909 rierisi
478 2851 623 2909 Gen.
673 2852 729 2911 ii.
799 2869 889 2931 17.
967 2852 1124 2912 Haec
1162 2869 1323 2912 mors
1371 2869 1486 2910 non
1547 2848 1659 2909 fuit
1711 2863 1970 2919 externa,
2044 2883 2049 2907 ,ι

237 2932 328 2990 seu
374 2931 665 2992 dissolutio
713 2933 1008 2993 exterioris
1052 2931 1339 2999 hominis·‚
1402 2952 1538 2992 nam
1587 2930 1779 3011 quoad
1825 2928 2004 2988 hanc-

237 3032 352 3070 non
403 3032 664 3074 mortuus
710 3014 812 3087 est,
858 3015 962 3074 nisi
998 3015 1213 3075 multos
1250 3013 1379 3094 post
1407 3033 1602 3074 annos-
1647 3012 1744 3076 Ita
1786 3029 1963 3088 opor-
2042 3070 2047 3079 ‚

238 3109 323 3152 tet
366 3095 472 3156 effe
531 3113 808 3167 mortem,
855 3097 1049 3176 quoad
1090 3095 1443 3178 spiritualem
1471 3095 1654 3156 vitam
1702 3093 1763 3152 &
1801 3111 1962 3149 com-

238 3175 572 3236 munionem
616 3199 750 3238 eum
794 3179 943 3238 Deo,
1029 3179 1222 3262 Hujus
1290 3178 1478 3257 lapsus
1547 3170 1960 3251 consequentia,
2039 3223 2041 3225 ,

238 3272 626 3338 praeterquam
682 3261 841 3338 quod
895 3259 1105 3322 referat
1131 3261 1206 3320 ad
1257 3276 1428 3320 terrae
1456 3257 1727 3323 fruetum,
1757 3252 1959 3344 ’et-iam

1607 3351 1954 3416 exprimitur
