2086 3640
162 89 252 148 De
256 79 656 165 perseverantia
668 78 736 144 ἔθ’
748 79 1090 157 Poffibilitate
1111 80 1382 144 amittendi
1396 81 1652 162 gratiam.
1685 95 1717 137 2
1733 101 1754 140 1
1769 97 1804 159 7

92 209 204 270 pro
249 187 366 248 vita
403 186 464 246 &
511 184 689 246 salute
715 182 916 243 datum
964 182 1067 254 est,
1128 202 1330 244 eorum
1367 181 1492 241 fieri
1540 180 1809 241 condem-

29 298 31 301 ·
92 269 407 340 nationem,
431 266 533 347 qui
553 265 782 327 obstant
807 283 874 323 ac
895 263 1147 324 recusant
1171 289 1189 331 3
1222 263 1412 343 ibique
1428 263 1605 323 etiam
1626 261 1809 322 osten-

7 385 11 387 ·
92 351 280 410 dimus
327 347 757 432 poffibilitatem
797 343 1041 405 hominis
1092 344 1375 405 refistendi
1421 343 1634 403 divinae
1681 362 1818 422 gra-

96 431 194 491 tiae
248 433 310 491 &
357 428 632 510 Spiritui3
675 426 736 486 &
774 426 887 486 hoc
927 425 1006 486 ita
1028 425 1179 484 certe
1214 440 1378 506 ,patet
1404 445 1476 486 ex
1492 423 1816 505 Scriptura,

96 528 161 571 ut
201 512 300 572 vix
343 510 540 590 negari
575 508 771 590 potiit,
835 505 929 568 cui
970 506 1095 566 haec
1157 506 1287 566 loca
1327 506 1624 568 revolvere
1671 505 1818 564 serio

98 593 263 664 libet,
310 593 487 651 Prov.
519 590 554 650 i.
582 609 680 664 24,
714 605 811 664 25,
839 587 932 648 26.
999 587 1132 664 Joh.
1159 587 1233 646 iii.
1266 591 1361 659 18,
1394 609 1484 666 19.
1559 606 1593 646 2
1618 586 1818 645 Thess.

93 673 150 733 ii.
181 695 276 743 11,
308 691 398 734 12.
444 673 582 731 Aa.
611 668 708 730 vii.
734 687 831 744 51.
855 666 1052 727 &xiii.
1084 666 1180 741 46.
1223 669 1402 727 Rom-
1434 667 1469 727 i.
1499 671 1588 729 18.
1636 666 1824 749 Qod.

94 768 290 816 autem
326 751 401 810 ad
433 752 675 822 alteram
716 764 967 830 partem,
1032 748 1320 820 videlicet,
1376 749 1530 828 pofl’e
1574 748 1817 829 aliquOS,
1881 804 1902 821 l

94 833 152 892 in
199 853 449 914 quorum
497 830 767 892 cordibus
807 829 994 910 gratia
1035 829 1148 888 Dei
1168 829 1431 890 nonnihil·
1448 844 1685 910 operata
1712 829 1818 901 est,

93 914 169 975 ad
206 913 595 995 purificandos
631 912 692 971 ὅτ,
726 911 1160 972 sanctificandos
1195 911 1346 982 illos,
1409 911 1564 972 ultra
1603 909 1678 968 ad
1719 930 1819 969 eo-

97 1015 225 1054 rum
274 993 679 1075 perfectionem
709 991 961 1063 tendenS,
1037 990 1416 1052 inobedientia
1457 993 1533 1051 ab
1582 989 1679 1049 illa
1732 986 1829 1050 re-'

95 1076 279 1157 gredi,
343 1076 452 1135 &a
539 1072 896 1135 Testimonia
933 1074 1267 1152 Scripturae‚
1345 1093 1477 1152 quae
1514 1068 1656 1131 thefi
1700 1069 1824 1149 ipsa

93 1158 302 1217 inclusa
341 1158 486 1227 sunt,
550 1153 834 1215 sufficiunt
872 1154 946 1213 ad
987 1153 1447 1214 confirmandam
1488 1150 1820 1212 sententiam

94 1238 349 1297 nostram
387 1236 711 1296 hominibus
741 1234 922 1297 aliena
961 1234 1226 1314 opinione
1261 1255 1376 1294 non
1425 1233 1681 1302 imbutiS,
1725 1231 1823 1291 sed

51 1335 54 1337 ’
94 1317 388 1397 quoniam,
436 1315 629 1397 quoad
664 1317 809 1376 hanc
839 1332 1088 1397 partem,
1135 1316 1298 1376 causa
1340 1314 1531 1374 nostra
1554 1333 1826 1375 commu-

97 1398 183 1457 nis
224 1398 304 1458 est
354 1419 487 1459 cum
546 1397 828 1480 plerisque
877 1397 1000 1458 aliis
1061 1394 1820 1465 ProtestantibUS‚'brevius

95 1479 208 1538 hoc
249 1481 380 1539 loco
416 1501 607 1561 agam.
692 1480 835 1542 Non
857 1480 1007 1539 enim
1030 1479 1110 1540 est
1141 1477 1440 1538 confilium
1462 1495 1679 1546 meum,
1726 1495 1819 1534 ac-

70 1576 224 1637 gtum
273 1581 464 1640 agere,
509 1561 604 1620 sed
640 1561 892 1620 breviter
926 1560 1067 1620 'orbi
1117 1557 1441 1619 Christiano
1493 1554 1819 1616 nostrarum

94 1639 490 1701 doctrinarum
538 1641 926 1700 narrationem
968 1639 1256 1711 exhibere,
1303 1637 1502 1699 itidem
1530 1635 1819 1714 &quibus

92 1741 185 1780 eas
222 1721 572 1800 argumentis
613 1741 1068 1803 propugnamus,
1415 1779 1418 1781 Α
1633 1759 1638 1762 -

177 1801 253 1860 ΙΙ.
298 1801 394 1861 Ex
437 1801 744 1881 Scripturis
767 1802 944 1881 igitur
963 1801 1102 1862 thesi
1131 1799 1353 1860 inclusis
1402 1799 1640 1876 (omiffis
1662 1799 1816 1860 mul--

98 1883 167 1941 tis
186 1882 307 1941 aliis
335 1904 465 1962 quae
482 1883 675 1962 urgeri
704 1883 950 1962 possent)
999 1883 1075 1942 fic
1115 1898 1508 1962 argumentor:
1590 1880 1648 1940 Si
1691 1880 1816 1960 qui-

95 1963 233 2023 dam
271 1964 523 2043 gratiam
561 1963 673 2025 Dei
720 1964 778 2032 in
815 1963 1102 2023 luxuriam
1151 1962 1507 2033 transferant,
1555 1977 1692 2020 tunc
1713 1961 1817 2020 ali-

94 2043 327 2123 quando
356 2045 714 2104 habuerunt:
777 2044 888 2103 Sed
915 2044 1069 2126 prius
1117 2044 1197 2103 est
1235 2063 1476 2103 verum:
1541 2041 1708 2121 Ergo
1755 2042 1819 2099 δι’

93 2123 387 2204 posterius.
473 2124 532 2183 Si
553 2124 786 2204 quidam
818 2126 954 2185 fidei
969 2123 1335 2205 naufragium
1353 2123 1629 2194 fecerunt,
1677 2137 1819 2182 tunc

93 2205 400 2284 aliquando
441 2205 789 2268 habuerunt:
834 2208 945 2266 Sed
988 2207 1195 2267 habere
1245 2205 1425 2265 fidem
1454 2203 1660 2283 absque
1703 2204 1816 2263 Dei

93 2286 280 2365 gratia
298 2307 417 2346 non
435 2301 785 2366 potuerunt:
810 2286 977 2367 Ergo
999 2288 1109 2347 &o
1139 2287 1198 2346 Si
1220 2286 1456 2366 quidam
1474 2286 1603 2365 post
1622 2284 1816 2363 gusta-

0 2438 1 2441 *
96 2383 223 2427 tum
250 2366 467 2428 donum
487 2367 736 2439 coeleste,
782 2367 844 2427 &
863 2368 1169 2449 participes
1196 2368 1375 2427 factos
1397 2365 1640 2447 Spiritus
1662 2365 1816 2424 sanc-

0 2459 1 2462 ’
91 2447 158 2517 ti,
203 2447 390 2507 denuo
411 2447 665 2529 prolapfi
684 2449 832 2520 sunt,
877 2465 1003 2510 turn
1046 2450 1346 2510 necessario
1363 2447 1675 2507 secundum
1712 2445 1819 2505 ali-

94 2549 268 2608 quam
308 2530 630 2589 mensuram
674 2530 981 2610 aliquando
1028 2530 1313 2591 senserunt
1346 2525 1648 2588 salutiferae
1705 2526 1816 2586 Dei

96 2608 299 2689 gratiae
349 2609 410 2668 &
456 2609 699 2690 Spiritus
728 2611 1167 2690 operationem,
1215 2609 1328 2669 fine
1358 2608 1469 2688 qua
1491 2628 1664 2667 nemo
1709 2627 1816 2687 po-

98 2689 205 2748 test
241 2689 466 2767 gustare
496 2690 724 2750 coeleste
742 2691 982 2761 donum,
1029 2691 1091 2748 &
1130 2689 1375 2769 Spiritus
1422 2674 1597 2747 sai’icti
1637 2689 1816 2768 parti-

100 2789 235 2848 ceps
258 2769 416 2830 fi‘eri:
461 2770 571 2828 Sed
598 2770 755 2848 prius
775 2770 856 2830 est
882 2791 1120 2830 verum:
1166 2770 1337 2848 Ergo
1360 2769 1420 2827 ὅτ
1436 2769 1732 2848 posterius.

174 2851 498 2921 SECUNDO,
559 2851 714 2914 Cum
755 2851 880 2910 haec
908 2849 1167 2910 doctriua
1206 2849 1344 2910 falsa
1372 2849 1473 2909 ista
1513 2850 1816 2931 hypothesi

98 2928 332 2999 nitatur,
376 2929 638 2989 videlicet
657 2931 907 3010 gratiam
927 2930 1139 2990 nemini
1167 2931 1240 2991 ad
1259 2931 1500 2991 salutem
1522 2931 1667 3002 dari,
1712 2930 1816 2990 nisi

94 3009 303 3069 selecto
333 3009 559 3070 cuidam
577 3031 839 3082 numer0,
901 3012 998 3091 qui
1017 3032 1142 3074 eam
1164 3012 1426 3073 amittere
1467 3033 1580 3072 non
1603 3011 1814 3092 potest,

98 3093 234 3150 cum
258 3090 542 3170 reliquum
563 3106 754 3150 totum
765 3112 942 3171 genus
962 3093 1275 3159 humanum
1299 3092 1567 3154 absoluto
1580 3093 1816 3151 decreto

76 3169 128 3250 „a
153 3170 327 3230 salute
355 3171 729 3238 excludatur3
795 3173 1027 3232 subruta
1057 3174 1116 3231 &
1165 3173 1816 3255 exfundata'hypothefi

100 3250 278 3315 moles
295 3252 529 3316 corruit.
616 3252 792 3316 Sicuti
818 3252 1075 3316 dostrina
1103 3254 1205 3316 ista
1225 3271 1448 3341 pugnat
1464 3274 1597 3330 cum
1620 3257 1816 3393 qctlroti:

1691 3354 1816 3395 iana
