2086 3640
360 90 448 151 De
491 85 766 165 Ministris
808 86 880 149 &²
923 86 1234 165 Pastoribus
1276 87 1538 170 Ecclesiae.
1705 109 1820 171 271

96 197 226 263 talis
266 199 589 260 obedientia
633 199 696 257 ὅτ,
722 194 1016 274 subjefflo,
1060 194 1243 274 qualis
1285 195 1348 278 iis
1384 196 1699 276 Scripturae
1736 216 1822 260 te..

27 313 30 316 ⁴
99 281 372 343 stimoniis
420 296 676 351 notatur,
720 278 882 338 Heb.
911 275 1030 335 xiii.
1065 294 1156 354 17.
1209 298 1232 336 1
1269 277 1467 336 Thess.
1495 298 1552 337 V.
1592 297 1685 350 12,
1725 301 1819 358 13.

6 399 10 402 ·
59 371 63 374 ’
102 387 128 424 1
165 364 331 423 Tim.
367 383 424 425 v.
477 379 567 441 17.
627 382 650 421 1
681 358 809 419 Pet.
829 378 887 417 v.
919 375 974 432 5.
1061 357 1257 416 Etiam
1306 374 1517 439 praeter
1557 379 1672 431 eoS,
1717 363 1824 441 qui,

95 445 208 504 hoc
247 444 427 503 modo
467 440 830 522 peculiariter
859 437 931 497 ad
958 436 1331 498 ministerium
1371 438 1433 498 δε
1462 441 1817 504 constantem

93 526 151 585 in
181 527 365 585 verbo
403 524 681 584 laborem·
702 534 1005 588 vocantur,
1050 517 1254 577 sunt&
1279 520 1520 581 seniores
1540 524 1634 582 vel
1663 525 1817 603 pres-

97 605 310 687 byteri,
355 604 475 688 qui,
521 603 654 662 licet
687 600 763 662 ad
799 599 1155 679 frequentem
1191 599 1249 658 in
1289 602 1481 662 verbis
1515 603 1819 665 declarati-

90 707 263 746 onem
317 706 434 746 non
474 697 834 752 moveantur,
878 695 1132 739 attamen
1174 682 1309 740 cum
1357 683 1499 743 tales
1542 683 1669 757 fint,
1716 689 1821 766 qui

93 768 151 826 in
196 765 543 846 experientia
591 765 741 824 beati
782 761 970 843 operis
1008 759 1266 819 veritatis
1302 763 1358 822 in
1395 764 1666 826 cordibus
1710 768 1819 828 suis

93 848 512 906 incrementum
541 844 731 926 adepti
768 842 927 912 sunt,
960 841 1279 920 invigilant,
1325 846 1386 902 &
1414 846 1688 925 privatim
1722 848 1819 927 ju·-

95 928 280 989 niores
323 929 647 997 hortantur,
691 944 801 1006 pro
821 921 1023 991 viduis,
1068 924 1414 1002 pauperibus
1449 927 1510 986 &
1547 929 1821 1008 orphanis

62 1081 68 1087 ι
94 1025 319 1080 curant,
364 1009 428 1067 ὅτ.
447 1007 643 1067 vident
675 1027 746 1066 ne
767 1004 905 1086 quid
931 1002 1094 1075 defit,
1119 1019 1187 1063 ut
1213 1025 1349 1083 pax,
1397 1007 1658 1079 charitaS,
1696 1012 1822 1070 uni-

94 1107 201 1162 tas,
242 1088 559 1150 concordia
599 1089 662 1147 δε
706 1087 907 1147 sanitas
955 1087 1012 1145 in
1053 1084 1285 1145 ecclesia
1329 1087 1535 1147 Christi
1581 1091 1825 1168 praeser-

92 1186 321 1243 ventur,
365 1171 427 1229 &
466 1170 577 1228 hoc
618 1168 915 1248 respondet
953 1166 1203 1226 diaconis
1239 1166 1370 1237 illis,
1398 1170 1534 1228 Αὲὶ.
1557 1170 1634 1228 vi.

172 1255 366 1327 QuoD
412 1266 605 1311 autem
627 1249 968 1319 recusamuS,
1013 1247 1093 1306 est
1129 1247 1411 1308 distinctio
1434 1250 1533 1309 illa
1565 1254 1733 1311 La'ici
1758 1253 1822 1330 δε

92 1333 242 1392 Cleri
275 1331 506 1412 (quaein
547 1329 839 1410 Scriptura
881 1351 995 1390 non
1035 1328 1344 1409 invenitur)
1384 1331 1494 1410 qua
1516 1353 1690 1391 nemo
1718 1335 1821 1393 ad-

91 1414 342 1474 mittitur
369 1413 443 1472 ad
471 1433 616 1492 opus
637 1411 948 1482 ministerii,
993 1409 1094 1468 nifi
1121 1410 1218 1488 qui
1258 1411 1320 1470 ea
1346 1413 1508 1471 causa
1532 1413 1588 1472 in
1614 1416 1822 1474 scholis

91 1494 336 1565 educati,
395 1494 456 1552 &
494 1494 551 1552 in
599 1493 845 1573 Logica,
918 1492 981 1551 δε
1027 1494 1086 1550 in
1128 1491 1521 1574 Philosophia,
1570 1495 1681 1554 ὅτε.
1732 1496 1822 1556 in-

92 1575 292 1634 structi
335 1575 481 1645 sunt,
541 1574 604 1632 δε
645 1573 720 1632 fic
763 1591 949 1634 artem
997 1571 1347 1651 praedicandi
1387 1574 1628 1647 discunt,
1676 1576 1821 1637 ficut

88 1655 215 1736 quis
260 1655 437 1715 aliam
471 1654 724 1734 aliquam
762 1653 1152 1715 mechanicam
1190 1670 1374 1714 artem
1419 1655 1624 1723 discit3
1668 1658 1821 1718 unde

94 1739 185 1806 fit,
229 1737 390 1816 quod
414 1756 613 1796 omnes
641 1735 738 1795 alii
775 1735 993 1795 honesti
1029 1735 1364 1806 mechanici,
1409 1738 1506 1816 qui
1544 1738 1689 1799 hanc
1718 1759 1822 1818 pa-

89 1837 306 1899 ganam
348 1833 533 1878 artem
579 1837 697 1879 non
735 1816 1110 1885 edidicerunt,
1155 1817 1543 1878 excluduntur
1586 1821 1661 1879 ab
1709 1822 1825 1881 hoc

93 1899 400 1980 privilegio
426 1928 445 1967 3
509 1898 676 1969 adde,
721 1898 899 1978 quod,
971 1897 1069 1977 qui
1101 1898 1355 1958 literatus
1391 1900 1453 1957 &
1494 1901 1605 1960 hoc
1639 1903 1822 1962 modo

91 1981 325 2040 edoctus
372 1981 473 2050 est,
518 1979 813 2039 honestam
844 1979 1093 2060 aliquam
1134 1995 1319 2039 artem
1356 1980 1593 2040 minime
1641 2002 1821 2062 opor-

94 2076 213 2121 teat
251 2080 512 2120 exercere
572 2060 644 2119 ad
687 2062 1146 2141 comparandum
1195 2059 1300 2123 fibi
1354 2082 1587 2140 panem,
1655 2064 1696 2122 fi
1749 2066 1824 2125 ad

0 2165 1 2171 ¹
95 2141 470 2203 ministerium
497 2140 724 2222 aspiret,
768 2141 863 2200 sed
903 2143 1190 2221 providet,
1235 2159 1302 2203 ut
1341 2142 1445 2203 fibi
1475 2145 1821 2205 beneficium

93 2223 330 2303 aliquod
365 2235 686 2303 comparet,
730 2223 792 2282 &
833 2240 970 2283 tunc
999 2225 1171 2284 habet
1211 2225 1533 2284 mercedem
1564 2227 1821 2287 securam

99 2304 177 2364 ad
237 2305 680 2375 sustentandum,
752 2305 813 2363 ὅτ
853 2305 934 2365 est
973 2306 1131 2385 quod
1153 2306 1227 2366 ab
1274 2305 1393 2365 aliis
1440 2307 1825 2387 distinguatur

99 2385 298 2446 colore
323 2385 588 2456 vestium,
633 2386 696 2444 ὅτ
737 2385 907 2466 nigro
942 2386 1309 2447 solummodo
1348 2387 1558 2458 vestiri,
1606 2401 1663 2452 ὅζ
1701 2410 1824 2449 ma·

98 2465 343 2546 gistrum
388 2467 598 2527 artium
625 2467 733 2526 effe
763 2488 777 2524 :
820 2467 916 2526 sed
941 2468 1013 2527 de
1035 2469 1121 2528 his
1143 2468 1314 2528 fufius
1336 2469 1548 2547 postea.

179 2548 442 2607 XXVII.
487 2547 596 2606 UT
638 2547 729 2608 hic
767 2549 972 2607 modus
1007 2551 1301 2629 separandi
1342 2551 1602 2609 homines
1639 2550 1711 2609 ad
1755 2573 1824 2610 o-

96 2648 202 2706 pus
236 2627 527 2688 ministerii
553 2629 741 2688 ordini
767 2628 1078 2708 primitivae
1105 2630 1356 2689 ecclefiae
1396 2631 1822 2710 Apostolorum

98 2709 454 2787 temporibus
493 2708 685 2769 similis
706 2730 822 2768 non
850 2709 950 2780 est,
996 2708 1071 2769 fic
1101 2711 1229 2770 inde
1251 2710 1424 2771 etiam
1456 2712 1638 2772 multa
1666 2715 1819 2774 mala

95 2788 444 2868 sequuntur;
506 2811 641 2850 nam
678 2790 870 2870 primo
911 2807 1189 2870 parenteS,
1255 2791 1509 2851 videntes
1540 2794 1821 2854 honorem

98 2870 161 2928 &
219 2869 526 2930 utilitatem
584 2872 767 2930 cleros
810 2873 1206 2944 comitantem,
1274 2873 1481 2932 liberos
1546 2875 1670 2933 suos
1717 2876 1822 2935 ali-

97 2949 329 3030 quando
362 2953 436 3011 ab
483 2949 599 3028 ipsa
629 2950 858 3012 infantia
909 2952 1039 3011 huic
1064 2954 1285 3013 muneri
1314 2957 1614 3033 affignant,
1662 2955 1820 3015 ideo-

99 3051 211 3112 que
252 3052 322 3089 ex
362 3031 597 3091 consilio
634 3032 712 3091 ad
751 3033 896 3091 hanc
924 3050 1108 3092 artem
1136 3055 1231 3093 eos
1259 3035 1541 3094 educant:
1586 3036 1816 3117 aliique,

73 3110 178 3171 -ad
217 3112 473 3172 adultam
521 3129 751 3172 aetatem
801 3115 1082 3192 provecti,
1126 3115 1322 3176 eadem
1365 3117 1548 3188 causei,
1594 3119 1668 3178 ad
1713 3121 1823 3178 hoc

104 3210 307 3251 munus
352 3193 405 3252 se
445 3193 759 3272 applicant,
803 3195 866 3253 δε
904 3196 1255 3256 naturalibus
1296 3197 1405 3256 illis
1447 3202 1509 3259 &
1537 3198 1823 3278 acquisitis

101 3274 358 3355 partibus
403 3274 703 3349 studente8‚
769 3295 901 3357 qua:
939 3278 1254 3340 necessariae
1303 3279 1590 3342 ministerii
1638 3281 1825 3359 quali-

1535 3361 1823 3423 ficationes
