2086 3640
493 109 498 114 ·
1853 89 1876 130 1

527 144 1547 235 concinno.
1759 80 1838 147 49

277 288 318 346 I
349 289 405 346 in
452 286 639 346 timore
671 281 919 350 Domini,
983 276 1221 340 candide
1271 279 1512 350 Leekor,
1563 282 1904 359 confiderabis

307 369 399 428 hoc
444 363 708 445 religionis
746 362 997 442 Systema,
1062 361 1146 424 his
1187 361 1388 422 chartis
1433 361 1718 432 traditum,
1787 386 1908 427 cum

169 448 496 526 conststentici
534 444 605 505 ἐξ
652 441 940 503 harmonia
978 436 1106 524 q‘u's,
1132 443 1260 520 five
1306 456 1368 502 ut
1411 446 1470 503 in
1504 444 1569 523 fi·
1590 445 1747 522 stat,
1779 447 1907 520 five

168 553 286 593 cum
306 528 475 609 fizcra'
508 526 756 585 veritatis
801 523 1087 600 Scriptura
1119 547 1137 588 3
1182 544 1283 582 non
1318 522 1517 594 dubito,
1559 527 1686 605 quin
1709 547 1910 587 mecum

172 612 243 672 δέ
290 630 405 670 cum
433 607 611 669 multis
655 605 777 664 aliis
823 603 1043 673 dixeris,
1109 604 1247 663 hunc
1293 606 1388 684 effe
1413 606 1755 685 spiritualem
1789 629 1908 668 ma-

79 691 83 694 ’
173 692 515 773 nifi’stationis
563 687 762 764 Christi
817 684 976 756 diem,
1039 706 1138 766 quo
1188 688 1369 764 rursus
1407 686 1618 747 revelat
1664 690 1909 768 antiquas

171 775 420 832 veritatis
457 770 526 831 δέ
552 769 776 851 justitia·
806 767 1041 846 semitas.
1125 765 1241 825 Hic
1275 770 1411 827 enim
1450 769 1730 848 observare
1754 770 1912 847 poffis

177 855 540 930 Christianam
592 849 890 932 religionem
943 850 999 909 in
1060 850 1294 913 omnibus
1340 852 1446 935 eius
1470 852 1728 927 partibus
1777 852 1912 915 vere*

173 936 463 997 exhibitam
499 932 568 994 ξεῖ
598 931 950 1000 vindicatam,
989 941 1153 1006 prout
1188 932 1260 1007 est
1316 932 1445 1011 quid
1485 935 1699 1003 vivum,
1745 935 1911 994 inter-

173 1038 320 1085 num,
350 1014 659 1093 spirituale,
729 1027 931 1090 purum
972 1011 1041 1072 {9⁹
1072 1012 1446 1089 substantiale,
1493 1014 1564 1076 δέ
1611 1036 1713 1074 non
1761 1033 1911 1073 mera

162 1100 373 1179 forma,
418 1096 630 1165 umbra,
674 1095 810 1153 notio
833 1092 902 1153 ἐρ’
942 1096 1134 1170 opinio,
1180 1097 1261 1153 uti
1296 1094 1451 1154 illam
1480 1095 1713 1173 plurimi
1732 1096 1911 1154 habie-

175 1200 275 1238 nus
301 1189 600 1246 tenuerunt,
646 1195 865 1255 quorum
880 1174 1101 1253 frulius
1137 1174 1432 1245 declarant,
1476 1176 1621 1256 quod
1642 1180 1915 1236 caruerint

176 1264 383 1318 virtute
409 1257 576 1327 illius,
621 1257 764 1341 cujus
793 1256 1047 1335 ferebant
1076 1276 1279 1327 nomen,
1323 1260 1414 1338 qui
1447 1270 1624 1320 tamen
1659 1259 1787 1319 adeo
1824 1261 1912 1318 in·-

175 1336 366 1403 anibus
405 1341 519 1422 suis
552 1339 748 1418 formis
787 1337 856 1399 &
894 1338 1095 1401 umbris
1143 1339 1438 1408 adhaerent,
1483 1353 1545 1403 ut
1590 1360 1691 1400 non
1732 1341 1916 1420 ceffent

174 1444 264 1482 nos
311 1420 655 1491 calumniari,
701 1421 869 1500 quast,
915 1422 1042 1498 quia
1082 1421 1146 1479 iis
1184 1421 1539 1498 substantiam
1588 1423 1912 1483 commenda-

178 1525 311 1572 mus,
358 1502 427 1562 δᾶ
471 1501 545 1561 ad
581 1523 697 1563 eam
744 1501 863 1562 illos
901 1523 1172 1570 vocamus,
1234 1501 1343 1562 ideo
1403 1502 1771 1584 denegaremus
1816 1516 1923 1564 aut*

178 1584 545 1665 negligeremus
591 1603 781 1641 veram
819 1583 1061 1662 formam
1099 1584 1168 1643 {9⁹
1216 1597 1488 1644 externam
1531 1585 1914 1660 Christianita-

181 1671 250 1728 tis
279 1679 516 1744 partem,
561 1663 697 1744 quod
728 1665 877 1725 Deus
925 1664 1157 1725 cordium
1181 1666 1455 1742 scrutator
1494 1669 1645 1726 novit
1671 1668 1764 1747 effi
1789 1669 1915 1726 hor-

181 1747 399 1811 rendum
438 1746 779 1806 mendacium.
862 1745 1006 1805 Hinc
1058 1749 1182 1826 quia
1219 1749 1499 1807 hortamur
1534 1750 1811 1827 populum,
1857 1762 1918 1809 ut

183 1841 551 1898 revertantur,
598 1827 668 1889 {9³
690 1824 927 1912 sentiant
954 1829 1131 1888 Deum
1159 1831 1214 1893 in
1244 1831 1545 1910 semetipfis,
1592 1831 1808 1891 dicentes
1830 1833 1915 1901 iis,

182 1910 337 1992 quod,
387 1911 444 1987 st
490 1910 671 1969 Deum
696 1924 867 1988 prope
916 1910 978 1986 se
1025 1930 1125 1969 non
1157 1912 1416 1988 sentiant,
1472 1914 1678 1990 parum
1715 1915 1922 1991 prostnt

183 1995 253 2052 ‘iis
292 1994 517 2052 notiones
555 2011 685 2071 quas
733 1991 795 2051 de
840 1991 956 2049 Deo
999 1991 1213 2061 hahent,
1259 2006 1317 2052 ut
1361 1994 1431 2069 est
1479 1997 1535 2054 in
1582 1994 1709 2053 ccelo
1745 1997 1922 2072 sttpra

183 2074 360 2142 nubes,
426 2072 679 2154 malitiose
726 2073 926 2151 inferre
969 2084 1251 2142 conantur,
1325 2075 1463 2154 quod
1523 2096 1612 2135 nos
1679 2076 1917 2144 dicimus,

186 2155 364 2219 Deum
404 2168 558 2214 extra
597 2156 694 2218 ¹nos
737 2175 837 2214 non
877 2155 1107 2231 existere.
1193 2156 1337 2217 Hinc
1371 2162 1551 2228 etiam,
1617 2161 1746 2237 quia
1790 2157 1921 2217 dici-

188 2257 302 2299 mus
343 2235 474 2305 illis,
521 2235 658 2319 quod
693 2235 794 2295 lux
843 2235 912 2296 &2⁹
962 2235 1055 2295 lex
1103 2235 1344 2307 interna,
1392 2239 1461 2299 ζῇ)
1502 2259 1603 2299 non
1633 2239 1798 2299 litera
1822 2260 1922 2300 ex-

190 2333 373 2388 terna,
416 2316 560 2394 illud
594 2317 686 2393 est,
748 2316 884 2397 quod
926 2337 1124 2375 revera
1176 2319 1240 2376 iis
1278 2321 1486 2395 statum
1534 2341 1711 2380 eorum
1757 2322 1923 2397 osten-

188 2397 330 2466 dere,
374 2399 544 2478 eosque
595 2418 658 2456 ex
693 2401 831 2458 omni
867 2397 1006 2456 malo
1045 2398 1258 2457 educere
1294 2403 1480 2478 potest,
1527 2406 1701 2472 aiunt,
1747 2402 1922 2478 vilifi-

189 2501 312 2540 care
347 2499 434 2538 nos
474 2480 800 2556 Scripturas,
846 2479 916 2540 ἐξ
964 2482 1356 2560 imaginationes
1396 2484 1597 2558 nostras
1632 2484 1795 2561 super
1835 2505 1922 2542 eas

195 2564 251 2623 in
293 2561 485 2620 honore
527 2559 739 2620 habere.
822 2560 968 2619 Hinc
1007 2564 1175 2637 porro
1221 2566 1347 2642 quia
1388 2563 1607 2624 dicimus
1642 2567 1726 2635 iis,
1791 2565 1931 2645 quod

193 2662 369 2702 eorum
398 2639 827 2720 garritiunculae,
872 2641 965 2700 vel
989 2655 1208 2702 externa
1237 2644 1376 2719 fides
1418 2645 1480 2705 de
1524 2646 1747 2706 externci
1774 2647 1922 2716 vita,

184 2723 414 2800 paffione
474 2721 545 2784 ἔθ’
593 2736 757 2782 morte
801 2720 1022 2801 Christi,
1083 2743 1184 2783 non
1222 2728 1406 2806 magis,
1471 2728 1631 2807 quam
1673 2727 1925 2788 clamores

192 2802 509 2883 Judaeorum
536 2802 830 2874 dicentium,
875 2804 1160 2883 templum
1186 2804 1444 2877 Domini,
1491 2809 1779 2889 templum
1800 2810 1927 2868 Do-

198 2883 360 2952 mini,
409 2883 773 2966 justificabunt
810 2904 890 2944 eos
931 2887 987 2944 in
1030 2886 1292 2965 conspeetu
1327 2889 1458 2961 Dei,
1489 2890 1591 2968 sed
1626 2890 1762 2971 quod
1774 2908 1925 2970 opor·-

194 2977 270 3029 tet
313 2964 430 3023 illos
469 2965 752 3046 ccgnostere
798 2964 1091 3025 Christum
1140 2967 1195 3025 in
1249 2967 1399 3049 ips13,
1465 2992 1614 3051 quem
1656 2974 1928 3049 crucifixe-

197 3060 349 3116 runt,
400 3045 727 3124 suscitatum,
792 3045 862 3111 Β
901 3047 1274 3128 justificantem
1314 3051 1383 3112 &
1429 3053 1761 3113 redimentem
1810 3054 1931 3115 illos

198 3127 267 3187 ab
307 3129 446 3187 omni
484 3129 777 3208 iniquitate,
822 3127 1001 3188 dicunt
1027 3149 1219 3210 negare
1263 3152 1353 3191 nos
1392 3136 1586 3205 vitam,
1624 3135 1926 3213 paffionem,

198 3221 417 3268 mortem
459 3207 677 3285 Christi,
725 3210 1150 3288 justificationem
1189 3228 1295 3290 per
1312 3216 1624 3295 sanguinem
1666 3220 1794 3298 ejus,
1858 3219 1928 3279 ἐῢ)

196 3289 531 3363 remifflonem
568 3300 901 3370 peccatorum
951 3308 1056 3370 per
1095 3291 1267 3354 illum:
1350 3296 1495 3356 Hinc
1542 3301 1741 3373 rursus,
1807 3303 1934 3378 quia

196 3370 416 3432 dicimus
461 3373 553 3442 eis,
594 3372 715 3434 ciem
747 3375 1004 3455 garriant
1045 3374 1115 3437 δέ
1155 3375 1498 3440 determinent
1539 3380 1601 3442 de
1629 3382 1932 3460 resurrech-

1817 3482 1931 3533 one,
