2086 3640
153 124 242 183 De
246 116 650 201 perseverantia*
665 113 734 180 ὅ
754 107 1099 190 Poſjibilitate
1117 107 1392 173 amittendi
1402 114 1657 192 gratiam.
1684 132 1714 172 2
1729 136 1753 174 1
1763 140 1802 199 9

88 223 333 294 scientiis,
377 220 490 304 qua
512 235 752 303 apparet
772 218 981 279 realem
1005 218 1186 289 fuisse,
1230 215 1390 296 cujus
1410 217 1520 276 hoc
1560 216 1696 278 loco
1734 220 1810 280 fit

19 307 21 309 ’
92 304 330 366 mentio.
416 304 624 382 Neque
644 300 877 363 concedi
924 300 1134 380 potest,
1178 297 1525 378 acquifiviffe
1546 298 1677 359 illos
1699 300 1809 361 bo-

90 405 225 444 nam
266 383 900 462 conscientiam‹(quam
929 381 1123 463 postea
1154 380 1484 458 amiserunt)
1517 379 1631 439 fine
1668 402 1810 463 ope-

91 465 318 526 ratione
343 465 654 527 salutiferae
697 462 812 525 Dei*
851 462 1057 544 gratiae
1083 473 1122 531 ;‘
1146 463 1338 523 multo
1392 461 1583 523 minus
1619 463 1814 523 existi-

89 548 369 607 mandum
389 547 490 619 est,
556 550 770 611 bonam
811 543 1213 605 conscientiam
1242 564 1375 618 cum
1408 544 1525 605 fide
1564 542 1702 604 falffi
1748 543 1813 604 δε

87 627 446 706 Ῑιγροετίῐίεὲι
469 626 784 688 consistere.
862 624 974 696 Et,
1018 628 1155 686 curn
1182 626 1246 684 iis
1268 625 1406 684 locis
1426 642 1817 706 conqueratur

89 708 435 786 Apostolu3‚
480 724 643 789 patet
670 707 824 779 istoS‚
868 707 940 766 de
959 707 1166 787 quibus
1187 705 1578 786 conqueritur,
1624 706 1657 765 Ξι
1704 709 1817 768 bo-

88 787 172 846 nis
205 788 268 846 &
306 791 553 851 realibus
609 789 745 850 fide-i
773 787 942 849 initiis
991 787 1291 869 prolapsos
1327 787 1511 859 fuisse,
1556 787 1819 870 alioquin

56 868 61 873 ’
88 867 327 929 minime
348 871 438 931 illi
459 870 880 933 lamentationis
920 871 1082 931 causa
1107 869 1315 940 fuisset,
1363 868 1606 950 ideoque
1625 869 1820 932 verbis

54 1014 56 1016 ,
90 948 391 1012 luculentis
417 953 527 1023 ait,
554 955 671 1032 post
683 955 951 1035 gustatum
976 952 1167 1013 donum
1202 952 1413 1029 caelqsie,
1459 951 1530 1011 ἐξ
1550 953 1822 1029 citmpar-

85 1033 424 1112 ticipesfabii
441 1005 558 1112 sini¹
599 1035 830 1114 Spiritiis
856 1035 1036 1114 fimti‘i
1075 1036 1188 1096 &a
1273 1053 1390 1092 non
1428 1031 1595 1102 dicit,
1656 1031 1823 1111 quod

88 1111 278 1173 solum
295 1119 653 1196 apparebant
668 1118 747 1175 ita
766 1117 963 1183 fuiffe3
1008 1137 1079 1176 ex
1100 1116 1306 1195 quibus
1349 1111 1617 1191 equidem
1640 1115 1823 1173 abun-

86 1193 161 1253 de
180 1214 440 1276 apparet,
483 1196 759 1257 frivolam
781 1199 888 1257 effe
912 1192 1063 1258 ⁸hanc
1081 1193 1491 1274 objestionem:

170 1277 493 1348 Sreuuoo,
537 1279 801 1359 objiciunt,
848 1278 1001 1341 Phil.
1025 1279 1061 1337 i.
1089 1278 1141 1337 6.
1209 1275 1484 1351 Confidens
1518 1274 1612 1334 hoc
1637 1275 1820 1353 ipfitm,

27 1359 32 1363 ’
87 1359 234 1435 quia,
280 1361 371 1437 qui
405 1362 561 1439 caepit
586 1364 642 1420 in
670 1362 820 1421 vohis
865 1378 990 1440 opus
1037 1363 1246 1430 bonum,
1284 1359 1526 1435 perficiet
1567 1358 1721 1436 usque
1767 1359 1824 1416 in

89 1438 225 1497 diem
256 1440 455 1517 Christi
473 1463 493 1499 .·
534 1441 597 1500 ὃῑ
634 1464 657 1502 1
685 1443 810 1503 Pet.
843 1441 879 1501 i.
927 1461 982 1518 5.
1026 1445 1115 1524 qui
1143 1444 1199 1502 in
1226 1444 1431 1500 virtute
1467 1439 1578 1498 Dei
1608 1439 1826 1513 custodi·

90 1522 219 1579 mini
257 1538 361 1598 per
375 1523 542 1597 fidem
571 1527 626 1582 in
647 1523 877 1603 fitlutem
919 1527 1036 1588 &a
1122 1525 1279 1601 Resp.
1326 1521 1483 1580 Haec
1511 1518 1828 1600 Scripturae

91 1601 240 1671 loca,
286 1602 428 1661 ficut
453 1603 593 1662 nihil
642 1605 810 1665 nobis
838 1604 1194 1664 contrarium
1224 1600 1468 1683 positive
1509 1601 1829 1669 affirmant,

89 1679 168 1740 ita
190 1701 305 1740 non
327 1684 495 1742 aliter
512 1684 760 1765 intelligi
788 1686 1041 1764 possunt,
1072 1683 1250 1764 quam
1271 1683 1550 1762 quatenus
1573 1681 1831 1741 conditio

90 1762 121 1820 Ξι
146 1763 335 1822 nostra
353 1781 516 1843 parte
533 1766 862 1843 praestatur,
896 1768 1033 1825 cum
1050 1766 1196 1825 salus
1218 1785 1334 1824 non
1355 1764 1524 1825 aliter
1534 1783 1829 1844 propona-

92 1858 208 1913 tur,
254 1844 432 1923 quam
455 1846 701 1926 peractis
723 1846 755 1904 a.
791 1847 958 1907 nobis
980 1846 1318 1927 quibusdam
1353 1845 1667 1906 necessariis
1691 1865 1830 1904 con·
1924 1878 1927 1881 ·

90 1923 424 1996 ditionibu3,
458 1926 618 1987 sicuti
638 1930 770 1988 ante
788 1929 1108 2009 probatum
1131 1928 1230 1998 est,
1254 1928 1314 2000 &
1334 1949 1451 1989 non
1473 1927 1708 2009 poffunt
1727 1927 1830 1986 ad-

92 2006 321 2066 versarii
349 2027 578 2085 negare,
602 2009 780 2069 Rom.
802 2009 916 2069 viii.
956 2030 1046 2089 13.
1091 2013 1151 2071 Si
1156 2010 1440 2090 stcundum
1468 2029 1683 2070 carnem
1702 2012 1830 2068 vix-

90 2090 255 2159 eritis,
291 2092 618 2150 moriemini:
646 2093 704 2168 si
724 2105 894 2152 autem
922 2094 1128 2184 §piritu
1142 2095 1307 2172 fabia
1335 2095 1516 2152 carnis
1542 2092 1830 2164 mortifica-

0 2218 1 2221 *
90 2173 299 2241 veritis,
343 2174 558 2231 vivetis.
602 2171 845 2234 &Heb.
878 2173 954 2232 iis.
983 2195 1074 2250 14.
1121 2177 1422 2252 Participes
1468 2176 1609 2234 enim
1631 2173 1832 2249 Christi

93 2253 267 2328 efferii
280 2254 482 2330 sitmus,
512 2255 570 2331 fi
596 2254 741 2314 modo
761 2258 969 2315 initium
974 2257 1286 2334 fitbstantioe
1318 2258 1427 2337 ejus
1448 2256 1523 2315 ad
1539 2257 1709 2330 finem
1750 2254 1831 2333 τῷ

97 2354 194 2413 que
238 2338 568 2394 retineamus.
651 2335 712 2394 Si
732 2338 885 2397 enim
915 2337 1126 2418 absque
1163 2338 1277 2398 istis
1306 2336 1725 2398 conditionibus
1749 2353 1831 2393 te-

98 2414 363 2476 stimonia
397 2414 498 2475 illa
543 2416 814 2478 sumenda
861 2421 1053 2492 essent,
1100 2441 1298 2481 omnes
1325 2439 1532 2479 eorum
1561 2417 1835 2476 exhorta-

99 2496 299 2567 tioneS,
360 2497 568 2576 quibus
595 2498 733 2560 alibi
760 2501 971 2583 scripta
1013 2501 1251 2562 illorum
1273 2499 1588 2570 abundant,
1613 2515 1831 2557 everte-

99 2595 243 2639 rent.
329 2578 693 2663 Qibusdam
743 2582 866 2642 aliis
913 2582 1161 2662 ejusdem
1183 2583 1380 2642 farinae
1410 2579 1830 2658 objectionibus

99 2675 363 2730 utuntur,
406 2679 539 2739 quae
569 2660 768 2721 eadem
789 2663 1062 2724 facilitate
1091 2664 1233 2724 solvi
1262 2663 1518 2742 possunt,
1583 2662 1644 2721 δε
1671 2680 1829 2740 quaS,

99 2739 255 2819 quia,
278 2756 346 2799 ut
366 2757 531 2799 antea
548 2741 868 2816 observavi,
901 2745 997 2804 alii
1025 2744 1250 2804 abunde
1274 2743 1616 2814 tractarunt,
1643 2741 1833 2811 omifi,

98 2836 166 2879 ut
182 2821 255 2879 ad
276 2819 629 2899 postremam
650 2839 899 2902 partem,
946 2847 1074 2904 quae
1098 2825 1278 2905 magis
1310 2824 1680 2904 peculiariter
1730 2843 1834 2882 no·

101 2901 215 2960 stra
234 2901 334 2973 est,
379 2902 730 2981 perveniam,
774 2925 907 2985 quae
930 2906 1243 2984 posteriore
1271 2905 1445 2965 thefis
1465 2923 1629 2985 parte
1679 2905 1752 2962 fic
1781 2904 1835 2962 se

105 2982 302 3054 habet,
333 2983 569 3061 ejusmodi
594 2996 766 3044 tamen
783 2990 1151 3047 incrementum
1181 2991 1235 3047 in
1256 2989 1358 3046 hac
1384 2989 1534 3056 vitri,
1567 2988 1636 3048 δέ
1660 2990 1712 3046 itt
1741 3007 1834 3044 ve-

102 3066 266 3122 ritate
286 3063 569 3140 stabilitas
580 3069 783 3145 acquiri
794 3070 976 3144 potest,
1010 3071 1044 3127 ti
1065 3070 1171 3150 quei
1199 3069 1354 3129 nulla
1371 3069 1539 3128 datur
1559 3070 1832 3146 apostafia.

186 3145 292 3202 IV.
337 3146 536 3203 SieuT
585 3146 640 3204 in
670 3146 1073 3208 dilucidatione
1097 3150 1311 3230 quintae
1334 3149 1597 3209 &sextae
1620 3150 1834 3208 theseos

107 3224 426 3313 observavi,
471 3227 769 3306 quosdam,
815 3229 912 3309 qui
933 3230 1182 3290 aliorum
1205 3251 1431 3291 errores
1450 3233 1522 3290 de
1560 3233 1835 3310 reproba-

108 3318 262 3368 tione
287 3307 641 3388 negaverint,
689 3324 878 3370 tamen
899 3309 1150 3386 defuisse,
1196 3313 1330 3393 quia
1359 3332 1480 3376 non
1508 3311 1837 3450 satis'abugf

1806 3412 1837 3450 e
