2086 3640
357 86 450 148 De
490 86 769 165 Mnistris
809 84 880 149 ΕΞ
925 85 1236 162 Pastoribus
1278 84 1540 163 Ecclefiae.
1567 88 1569 90 ’
1714 112 1743 150 2
1754 115 1784 172 3
1801 117 1826 156 1

102 191 328 253 &oribus
375 191 447 254 ἔθ’
495 193 799 273 Prophetis,
851 191 966 255 &a
1053 192 1215 275 Qid
1253 191 1432 273 igitur
1480 192 1832 257 sentiendum

41 289 44 292 ’
102 274 204 345 est,
247 273 352 335 ubi
392 275 586 336 omnia
613 275 687 336 ad
707 275 830 334 haec
902 272 1199 334 ertinentia
1247 273 1304 333 in
1327 273 1655 334 confu'fione
1684 275 1829 347 sunt,

19 375 23 379 ’
102 355 206 416 ubi
246 355 308 414 δε
336 355 796 427 fundamentum,
840 294 902 414 g}
931 356 1186 427 vocatio,
1249 355 1314 414 &
1350 355 1828 435 qualificationeS,

98 435 162 494 &
195 436 524 499 sustentatio
563 458 630 499 ac
683 437 905 516 integra
945 436 1238 516 disciplina
1285 436 1526 508 diversa,
1570 437 1631 495 δε
1659 438 1831 517 plane

98 518 367 596 oppofita
412 519 494 579 est
530 517 840 599 primitivae
886 516 1138 578 ecclefiae
1175 518 1507 589 ministerio,
1575 520 1696 593 imo
1733 541 1831 578 ne·-

99 598 331 658 cefl'ario
387 601 573 660 tendit
623 599 702 662 ad*
735 597 1030 680 ⁴spirituale
1086 598 1460 658 ministerium
1524 601 1832 662 excluden-

97 679 263 748 dum,
307 679 370 739 &
398 683 624 744 carnale
640 679 1036 747 inducendum
1073 700 1140 738 ac
1161 680 1581 741 stabiliendum.

179 759 316 819 VII.
363 763 555 845 Qon
601 763 858 844 primum
894 762 1006 822 hoc
1045 761 1180 819 loco
1229 761 1626 840 inquirendum
1665 762 1828 823 vide-

96 853 214 913 tur,
259 842 342 901 est
382 843 745 908 devocatione
771 846 1030 923 Pastoris,
1075 843 1166 902 seu
1205 843 1477 903 Doctoris
1511 844 1569 902 in
1597 845 1830 904 ecclefia

94 921 328 982 Christi.
412 927 809 1005 Respondemus,
876 924 1094 987 interna
1137 923 1196 984 vi
1236 924 1298 982 δε
1338 925 1550 985 virtute
1577 926 1828 1005 Spiritus

94 1001 211 1063 Dei
238 1003 296 1063 in
335 1007 508 1067 corde
545 1009 645 1069 suo
685 1006 989 1068 instructus
1024 1007 1132 1065 effe
1167 1005 1340 1064 debet·
1372 1030 1389 1072 ;
1437 1026 1595 1075 nam,
1641 1024 1707 1066 ut
1747 1007 1830 1066 ait

98 1083 286 1156 thefiS,
333 1089 470 1147 cum
505 1089 935 1171 vcraffignitio
963 1088 1020 1147 in
1070 1089 1239 1148 rebus
1277 1086 1679 1167 Spiritualibus
1717 1089 1829 1146 hoc

93 1164 252 1225 dono
289 1167 350 1226 &
389 1170 574 1248 gratia
607 1170 936 1251 recipiatur,
999 1170 1097 1251 qui
1124 1167 1330 1227 eodem
1373 1167 1713 1247 purificatur
1768 1167 1830 1228 &

87 1244 497 1322 sanctificatur,
556 1272 627 1311 eo
666 1251 902 1312 tandem
937 1267 1204 1320 vocatur,
1272 1259 1332 1314 &
1360 1249 1480 1307 aliis
1511 1249 1831 1309 ministrare

94 1345 385 1401 movetur,
430 1332 492 1390 δε
540 1353 722 1415 capax
764 1334 946 1394 factus
992 1334 1073 1392 est
1130 1331 1252 1391 alii-s
1289 1330 1652 1402 annunciare,
1698 1352 1829 1411 quae

91 1408 231 1469 reali
267 1413 615 1491 experientia
645 1414 762 1495 ipse
788 1415 972 1487 sensit,
1018 1416 1080 1474 δε
1108 1433 1274 1473 verus
1305 1413 1458 1471 testis
1500 1412 1598 1482 est,
1648 1413 1708 1469 &
1723 1416 1830 1490 sc'z'-

91 1511 182 1550 ens
221 1494 728 1556 timorem‘Dom'ini
775 1499 1060 1558 hominibus
1091 1494 1317 1575 suadere
1347 1495 1534 1571 potest,
1602 1513 1632 1552 2
1689 1496 1828 1554 Cor.

92 1590 150 1629 v.
210 1594 309 1632 11.
344 1574 407 1632 &
444 1580 625 1641 verba
667 1594 840 1657 atque
869 1577 1246 1638 ministerium
1276 1573 1414 1652 ejuS,
1462 1575 1830 1654 procedentia

93 1653 171 1712 ab
215 1651 432 1714 interna
452 1655 512 1713 vi
559 1659 619 1716 δε
647 1662 884 1730 virtute,
931 1659 1265 1719 auditorum
1297 1656 1474 1714 corda
1504 1671 1824 1735 penetrant,

87 1732 156 1791 &
210 1736 693 1815 approbationem
739 1760 944 1799 eorum
986 1741 1050 1799 δε
1097 1735 1506 1815 subjectionem
1545 1738 1828 1798 obtinent.

95 1814 428 1876 Neceffarib
475 1816 729 1880 fatentur
757 1821 1058 1881 adversarii
1091 1821 1202 1880 hoc
1242 1817 1674 1878 desiderandum
1693 1821 1825 1889 effe,

87 1895 158 1956 &
195 1896 510 1976 optimum,
575 1903 666 1960 sed
713 1904 920 1963 nolunt
968 1899 1351 1963 necessarium.
1437 1900 1664 1969 Primo,
1711 1900 1829 1979 ejus

86 1981 480 2040 necessitatem
519 1985 837 2061 probabo·‚
882 1985 1083 2045 exinde
1125 2001 1381 2042 errorem
1432 2001 1656 2051 eorum,
1703 1983 1822 2062 qui,

83 2057 208 2198 {ipe
247 2064 654 2139 praetermiff0‚
716 2066 828 2126 alia
868 2066 1169 2126 necessaria
1206 2063 1578 2134 constituunt,
1642 2063 1828 2126 osten-

166 2159 246 2200 m.

0 2225 1 2265 ῐ
91 2252 94 2254 ·
174 2221 423 2295 PR1M0,
489 2226 675 2308 Qod
700 2229 1068 2289 necessarium
1100 2229 1193 2288 vest
1237 2227 1312 2286 ad
1349 2225 1675 2287 faciendum
1724 2228 1827 2286 ali-

9 2336 19 2350 ι
83 2322 267 2383 quem
312 2304 729 2381 Christianum,
754 2309 879 2370 -fine
922 2332 1043 2391 quo
1085 2311 1304 2392 quippe
1332 2308 1686 2369 'Christianus
1712 2307 1824 2367 effe

88 2401 356 2465 nequeat,
402 2386 461 2445 id
505 2390 694 2450 multo
731 2392 914 2472 magis
958 2393 1324 2452 necessarium
1367 2391 1448 2450 est
1496 2390 1569 2449 ad
1616 2390 1831 2448 consti-‘

84 2466 367 2526 tuendum
409 2467 577 2530 illum
602 2472 1041 2535 Christianitatis
1074 2474 1417 2542 ministrum,
1465 2474 1599 2529 cum
1631 2470 1722 2528 hic
1755 2470 1824 2532 fit

84 2548 307 2628 gradus
345 2549 529 2610 altero
569 2552 847 2633 superior,
921 2577 1039 2635 quo
1086 2555 1248 2635 prior
1300 2552 1632 2622 includitur,
1706 2572 1824 2612 non

86 2630 268 2701 secuS,
298 2629 476 2711 quam
503 2635 600 2715 qui
620 2634 759 2696 dicit
798 2637 1156 2716 magistrum,
1201 2635 1473 2715 supponit
1501 2632 1628 2711 jam
1647 2633 1823 2693 talem

91 2711 484 2791 cognitionem
519 2718 581 2778 &
608 2716 988 2798 capacitatem
1024 2717 1283 2795 discipuli
1320 2715 1637 2775 obtinuisse.
1701 2712 1825 2798 Qi

86 2811 206 2852 non
237 2793 540 2855 Christiani
580 2798 727 2870 sunt,
790 2819 907 2857 non
945 2800 1174 2878 possunt
1230 2800 1337 2856 effe
1385 2796 1626 2855 ministri
1675 2796 1823 2856 inter

86 2874 474 2935 Christianos:
518 2879 611 2938 sed
640 2880 859 2941 interna
878 2881 1002 2939 haec
1029 2879 1281 2950 vocatiO,
1307 2880 1393 2937 vis
1423 2879 1483 2935 δε
1513 2877 1691 2937 virtus
1712 2878 1823 2938 Dei

88 2955 337 3034 Spiritus
375 2959 678 3020 necessaria
697 2962 780 3022 est
811 2959 886 3022 ad
914 2960 1236 3021 faciendum
1268 2960 1559 3020 hominem
1583 2959 1821 3020 Christi-

89 3056 290 3107 anum,
339 3037 483 3099 ficut
509 3042 672 3102 antea
717 3043 859 3103 thefi
899 3042 1136 3102 secunda
1174 3043 1404 3103 abunde*
1444 3041 1822 3120 probavimus

87 3116 399 3179 secundum
427 3141 519 3180 eas
558 3123 899 3203 ScripturaS,
946 3123 1062 3203 Qz‘
1087 3145 1186 3184 non
1208 3125 1362 3184 habet
1380 3125 1635 3202 Spiritum
1658 3121 1821 3180 Chri-

77 3197 180 3274 sti,
224 3200 308 3258 hic
354 3222 455 3261 non
496 3205 566 3281 est
613 3208 737 3265 e'us.
823 3206 1135 3286 Qicunque
1165 3208 1370 3284 Spiritu
1415 3205 1527 3271 'Dei
1566 3215 1817 3283 aguntur,

75 3277 200 3355 fili-i
230 3282 339 3345 Dei
362 3284 508 3365 fimt.
653 3306 762 3368 rgo
802 3287 924 3350 haec
966 3287 1218 3362 vocatio,
1263 3287 1323 3348 δε
1363 3302 1555 3361 motus
1574 3283 1822 3427 Spiritffas

970 3369 1102 3453 ΩΑ.
1632 3385 1729 3428 mu
1762 3367 1823 3438 ’ἰὼ
