2086 3640
2 1685 32 1882 1:321,AE
23 1628 30 1642 .,
8 1554 32 1578 .;,

16 1869 30 1910 ...fl

291 88 382 153 De
403 87 596 166 Potest.
629 71 857 171 Magist.
877 91 1024 153 civil.
1057 97 1113 153 in
1133 93 1287 153 rebus
1298 94 1442 170 pure
1457 93 1606 174 relig.
1639 95 1751 156 &o
1820 120 1898 174 42
1915 123 1937 163 1

210 192 441 255 habebat
480 198 814 278 figurativus
875 199 945 260 ΕΘ
992 199 1228 261 carnalis
1294 199 1385 273 iste
1420 198 1740 276 Judaeorum
1788 206 1951 267 status

207 296 326 333 cum
366 277 622 340 reali&
649 280 933 357 spirituali
982 280 1290 362 Evangelii,
1356 280 1510 360 quod,
1561 283 1706 355 ficut
1739 288 1947 366 Moffles

184 359 431 417 externa*
481 362 546 418 vi
593 359 851 421 liberavit
893 361 1114 439 Judeeos
1161 383 1225 422 ex
1273 361 1504 441 AEgypto
1549 365 1795 432 externd,
1874 367 1945 426 69³

205 439 435 514 constitit
481 461 562 501 eos
607 443 663 500 in
708 463 863 522 regno
910 456 1140 512 externa,
1208 442 1514 518 destruendo
1573 456 1807 503 externos
1863 468 1946 509 eo-¹

206 539 328 578 rum
369 523 639 587 inimicam
668 525 751 598 fic
781 522 1041 598 Christus,
1103 545 1203 583 non
1234 523 1365 582 alios
1403 525 1616 583 externe
1644 527 1945 603 fhperando

204 600 301 659 vel
344 602 674 671 trucidanda,
725 602 824 681 sed
867 602 1119 682 patiendo
1168 606 1237 664 Es?
1287 605 1548 664 moriendo
1597 605 1820 667 aliorum
1860 612 1941 678 vi,

201 681 384 741 eleetos
407 684 532 761 suos
571 682 796 761 Judoeos
845 686 1077 744 internos,
1134 685 1331 744 liberat
1392 707 1454 744 ex
1510 688 1742 767 AEgypto
1776 690 1946 766 spiri-

201 761 364 832 tuali,
434 764 734 841 destruendo
782 765 1096 843 spirituales
1144 787 1320 826 eorum
1359 767 1521 843 hostes
1563 782 1686 828 ante
1725 791 1824 840 eos,
1872 771 1944 832 ὅς’

201 845 341 904 inter
379 866 459 904 eos
486 846 803 923 stabiliendo
831 847 1128 924 spirituale
1158 851 1315 925 suum
1352 869 1588 928 regnum,
1661 851 1800 930 quod
1842 873 1943 910 non

202 926 274 1000 est
320 927 475 1007 hujus
506 928 704 988 mundi.
778 926 873 997 ,Et
919 927 1082 998 ficut,
1129 933 1219 1008 qui
1260 931 1295 988 ὰ
1324 930 1569 1007 societate
1625 939 1832 991 externi
1862 934 1942 1012 Is-

204 1007 375 1066 rae‘lis
417 1008 760 1085 discedebant,
804 1022 1016 1069 externo
1053 1010 1235 1090 gladio
1256 1011 1578 1088 exscindendi
1606 1026 1783 1082 erant,
1831 1013 1934 1083 ita,

199 1091 291 1167 qui
331 1087 592 1167 discedunt
632 1091 700 1151 ab
741 1090 944 1169 Israele
986 1095 1209 1162 interne,
1256 1093 1487 1168 Spiritus
1528 1092 1704 1172 gladio
1737 1097 1940 1153 interno

197 1170 522 1247 exscindendi
553 1172 726 1249 sunt·‚
802 1173 945 1232 bene
993 1173 1148 1231 enim
1193 1171 1503 1251 respondit,
1559 1173 1740 1259 quod,
1815 1178 1940 1252 quia

194 1250 414 1325 Judceos
460 1253 622 1328 hostes
649 1254 772 1331 suos
819 1255 1031 1313 externe?
1067 1254 1288 1331 perdere
1323 1254 1590 1329 oportebat
1613 1253 1686 1312 ad
1723 1270 1940 1334 regnum

198 1352 381 1392 eorum
419 1334 489 1395 ὅ
528 1333 726 1395 cultum
753 1334 1160 1411 stabiliendum,
1207 1335 1287 1395 ita
1332 1335 1393 1393 &
1441 1335 1610 1394 eodem
1634 1335 1938 1414 modopree-

178 1413 413 1490 servare
438 1414 509 1477 &
525 1417 889 1491 statuminare
935 1439 1052 1477 eum
1093 1417 1360 1476 debebant.
1447 1417 1580 1486 Sed,
1629 1416 1792 1475 ficuti
1822 1440 1938 1499 reg-

195 1513 322 1553 num
374 1496 577 1574 Christi
618 1498 689 1559 δῦ)
730 1497 1093 1577 Evangelium
1121 1519 1222 1558 non
1260 1511 1378 1556 erat
1402 1497 1801 1574 stabiliendum,
1849 1522 1939 1559 nea

187 1595 295 1654 que
338 1578 772 1658 propagandum,
816 1579 1147 1656 exscindendo
1187 1578 1280 1638 vel
1307 1579 1657 1653 interficiendo
1690 1581 1931 1659 gentiles,

191 1657 288 1715 sed
317 1659 677 1738 persuadendo
737 1662 821 1729 iis,
894 1660 975 1720 ita
1036 1681 1221 1740 neque
1271 1660 1365 1719 illo
1407 1660 1550 1720 modo
1591 1663 1936 1739 preeservan-

195 1739 323 1799 dum
362 1742 451 1817 est.

305 1821 632 1895 SECUNDO,
674 1822 921 1905 objiciunt
963 1821 1140 1883 Rom.
1187 1821 1302 1883 xiii.
1347 1824 1439 1883 ubi
1478 1824 1815 1903 magistratus
1857 1825 1936 1885 di-

186 1903 334 1962 citur
368 1924 472 1964 non
503 1906 625 1982 fine
670 1905 831 1982 causei
860 1903 1103 1985 gladium
1142 1917 1390 1982 portare,
1440 1906 1508 1965 δέ
1548 1904 1683 1984 quod
1700 1907 1935 1981 minister

187 1983 301 2044 Dei
328 1987 430 2062 fit,
475 1986 675 2046 vindex
723 1988 779 2046 in
829 1990 970 2045 iram
1020 1989 1067 2044 ei
1107 1989 1197 2066 qui
1226 1986 1428 2045 malum
1461 1987 1590 2066 agit.
1676 1985 1785 2044 Sed
1816 1987 1934 2046 hae-

190 2064 344 2139 refiS,
391 2067 678 2146 inquiunt,
744 2067 972 2126 malum
1015 2067 1133 2126 est:
1208 2067 1365 2145 Resp.
1435 2065 1671 2126 haerefin
1712 2065 1933 2128 malum

187 2147 319 2219 effe,
362 2146 457 2206 sed
497 2147 574 2208 fic
615 2148 792 2208 etiam
842 2150 950 2208 esse
1001 2148 1354 2228 hypocrism,
1402 2149 1461 2207 &
1513 2165 1704 2207 tamen
1749 2147 1935 2208 faten-

188 2244 285 2287 tur
331 2228 445 2288 hoe
475 2249 611 2289 eum
647 2228 853 2310 punire
907 2251 1023 2290 non
1066 2230 1293 2291 debere.
1379 2228 1570 2309 Igitur
1631 2228 1701 2286 de
1766 2231 1930 2288 malis

190 2310 511 2370 moralibus
556 2312 673 2370 hoc
715 2311 1162 2391 intelligendum
1215 2311 1317 2381 est,
1363 2331 1497 2390 quae
1543 2310 1691 2369 inter
1742 2309 1932 2369 homi-

190 2410 326 2449 nem
361 2390 424 2450 δε
465 2391 762 2451 hominem
812 2392 1107 2461 intersunt,
1151 2393 1213 2450 &
1244 2412 1361 2451 non
1409 2392 1479 2449 de
1510 2392 1679 2449 rebus
1708 2390 1780 2448 ad
1810 2394 1932 2450 cul-

190 2488 318 2530 tum
366 2486 467 2530 aut
513 2471 836 2534 doitrinam
884 2473 1319 2553 pertinentibuS,
1385 2471 1640 2549 alioquin
1700 2488 1932 2550 quantae

187 2552 565 2613 absurditates
609 2553 992 2634 sequerentur,
1040 2557 1176 2614 cum
1216 2553 1429 2613 Paulus
1471 2553 1595 2611 haec
1636 2551 1709 2610 ad
1753 2553 1932 2612 eccle-

188 2633 330 2693 fiam
364 2635 696 2696 Romanam
735 2635 1039 2717 scripserit,
1085 2656 1216 2714 quae
1246 2651 1370 2694 erat
1388 2634 1493 2693 sub.
1513 2634 1933 2711 gubernatione

188 2714 443 2786 Neronis,
489 2715 638 2776 illius
681 2717 871 2797 impii,
913 2718 975 2775 δε
1018 2715 1314 2775 ecclesiam
1357 2714 1477 2772 Dei
1511 2714 1817 2792 affligentis
1835 2731 1931 2795 ty-

187 2795 396 2862 ranni3
441 2795 484 2855 fi
520 2794 713 2857 autem
752 2798 864 2857 hoc
901 2799 1035 2858 loco
1084 2797 1414 2856 includatur
1459 2793 1781 2854 authoritas
1821 2816 1930 2874 pu-

188 2876 381 2941 niendi
421 2877 480 2936 in
519 2878 646 2938 casu
696 2879 994 2947 haereseOS,
1041 2878 1348 2937 necessario
1398 2876 1746 2960 sequeretur,
1816 2876 1933 2936 Ne-

189 2978 368 3018 ronem
403 2958 571 3019 illam
615 2959 1031 3020 authoritatem
1089 2958 1361 3028 habuisse,
1407 2957 1528 3016 imo
1567 2956 1627 3015 ὅτ
1669 2956 1696 3014 ξ
1754 2957 1882 3016 Deo
1910 2983 1935 3025 3*

185 3040 322 3119 quia
370 3040 524 3100 enim
565 3041 815 3121 potestas
862 3040 893 3097 ἐι
940 3040 1070 3101 Deo
1114 3055 1260 3110 erat,
1308 3039 1437 3098 ideo
1470 3037 1795 3115 Apostolus
1826 3058 1932 3115 po-

187 3122 363 3181 stulat
423 3120 814 3194 obedientiam
857 3141 1079 3181 eorum.
1163 3120 1271 3179 Sed
1308 3118 1592 3197 ‚nunquid
1640 3117 1931 3178 absurdius

186 3203 300 3262 esse
331 3203 544 3282 potest,
591 3203 891 3263 Neronem
919 3200 1335 3267 authoritatem
1360 3198 1612 3259 habuisse
1634 3203 1690 3258 in
1720 3199 1932 3260 talibus

182 3281 583 3364 dijudicandi?
630 3284 809 3357 certE,
856 3283 897 3344 si
940 3304 1035 3345 ma
1083 3280 1307 3342 istratus
1351 3276 1655 3342 Christiani
1695 3300 1811 3421 nol?
1834 3280 1932 3337 de-

1097 3382 1127 3425 e
1172 3382 1205 3442 3
1805 3375 1936 3425 eant
