2086 3640
276 115 395 196 146
483 113 846 179 THESIS
889 109 1312 192 QUINTA
1346 107 1417 172 εξ
1459 105 1804 169 SEXTA.

270 227 405 284 dere
438 252 456 291 ·,
503 225 543 282 fi
572 222 739 282 liceat
775 220 856 280 ita
898 218 1202 299 Scripturis
1230 215 1412 287 abuti,
1460 216 1600 296 quid
1642 232 1764 277 tam
1799 215 1995 276 absur-

268 306 437 375 dum,
501 302 658 383 quod
700 303 776 363 ab
816 299 881 363 iis
914 321 1035 360 non
1074 298 1372 370 affirmari,
1431 297 1494 356 &
1520 298 1660 377 quid
1697 296 1774 356 ita
1814 297 1997 374 mani-

267 385 497 453 festum,
540 383 697 464 quod
743 402 858 442 non
879 381 1077 461 negari
1093 381 1315 462 posfit?
1363 379 1510 440 Non
1531 379 1708 459 igitur
1726 377 1807 436 est
1834 376 1998 457 quod

268 465 605 524 vacillemus
665 463 1063 544 negationibus
1105 463 1236 532 illis,
1301 462 1444 520 dum
1494 460 1634 519 fides
1696 457 1887 518 nostra
1934 458 1994 517 in

267 544 412 624 ipfis'
445 547 759 626 Scripturae
805 543 1060 605 terminis
1115 543 1435 626 reperitur;
1477 565 1598 605 non
1637 539 1826 600 minus
1863 538 1998 620 pos-

267 626 391 686 sent
449 628 758 697 affirmare,
819 647 927 687 nos
994 647 1111 687 non
1169 626 1322 686 velle
1386 627 1549 706 quod
1615 623 1998 691 affirmamUS,

312 709 536 768 uamvis
581 705 935 768 contrarium
976 709 1129 769 certe
1170 708 1397 778 scimus,
1439 707 1618 788 quam
1657 703 1824 766 nobis
1864 722 1997 782 per-

267 729 521 860 suadere,
583 790 760 871 quod,
824 790 1055 871 quando
1104 788 1432 870 Apostolus
1471 788 1726 847 nostram
1781 782 1997 846 doctri-

268 889 408 929 nam
435 871 617 952 planis
636 870 827 933 verbis
854 870 1160 951 significat,
1206 887 1401 930 tamen
1419 870 1551 928 vult
1568 868 1831 936 illorum,
1862 885 1998 945 quae

270 947 443 1031 plane
484 953 769 1014 contraria
799 953 902 1023 est,
935 950 1268 1034 significare.
1355 949 1638 1030 Nunquid
1665 947 1852 1028 magis
1891 947 1996 1007 ab·

269 1031 503 1095 surdum
558 1035 666 1094 effe
705 1034 915 1114 potest,
967 1054 1142 1114 quarn
1185 1033 1495 1102 affirmare,
1539 1030 1638 1091 ubi
1679 1029 1889 1089 dicitur
1935 1049 2000 1087 a-

267 1113 435 1191 perte
475 1114 547 1174 de
578 1115 864 1186 omnibuS,
930 1115 1001 1175 de
1028 1115 1221 1195 paucis
1268 1113 1458 1173 solum
1496 1110 1792 1191 intelligi?
1858 1128 1996 1168 nam

270 1213 378 1281 per
416 1215 625 1256 vocem
673 1198 960 1278 [omnibus]
1005 1195 1209 1257 nolunt
1257 1193 1539 1254 hocloco
1578 1189 1825 1271 intelligi
1872 1209 1999 1250 ma·
2074 1259 2077 1262 .

261 1293 455 1352 Jorem
493 1294 766 1358 partem:
840 1277 1032 1337 revera
1083 1297 1187 1356 per
1240 1275 1494 1355 figuram
1540 1273 1830 1355 [omnibus]
1894 1269 2006 1330 ali-

266 1357 505 1434 quando
556 1351 896 1438 intelligitur
950 1379 1022 1418 ex
1077 1358 1301 1435 duobus
1365 1354 1620 1415 numeris
1667 1353 2000 1414 maximus:

267 1437 365 1495 sed
405 1439 703 1498 ostendant
741 1437 933 1509 nobiS,
978 1438 1074 1497 vel
1119 1438 1176 1497 in
1225 1436 1542 1517 Scriptura,
1584 1435 1680 1495 vel
1719 1435 1777 1495 in
1825 1433 2003 1514 scrip-

269 1531 400 1576 tore
443 1520 639 1598 aliquo
685 1518 1082 1588 ecclesiastico,
1146 1519 1239 1579 vel
1275 1519 1451 1578 etiam
1494 1517 1552 1575 in
1599 1516 1820 1596 scriptis
1855 1536 2000 1595 pro-

266 1595 432 1669 faniS,
497 1600 600 1661 ubi
642 1599 866 1678 aliquiS‚
930 1598 1030 1677 qui
1083 1619 1264 1678 capax
1311 1598 1424 1658 fuit
1469 1612 1777 1678 conceptus
1810 1597 2002 1657 bonos

267 1678 545 1750 formare,
591 1682 800 1761 eosque
843 1679 998 1740 clare
1023 1678 1367 1738 &distincte
1406 1678 1751 1759 exprimere,
1795 1697 1868 1738 ex
1894 1677 2002 1738 du-

266 1761 416 1820 obus
462 1761 715 1822 numeris
762 1760 837 1821 ad
875 1752 1181 1821 minimum
1228 1759 1670 1843 significandum
1707 1758 1814 1818 hac
1853 1779 2003 1820 voce

270 1844 561 1922 [omnibus]
606 1843 732 1902 usus
770 1842 868 1902 est.
954 1841 1044 1901 Hi
1087 1858 1281 1903 autern
1319 1842 1612 1902 affirmant
1636 1839 2004 1922 paucissimos

266 1922 502 2003 quidem
542 1923 791 2002 gratiam
837 1921 1185 1984 salutiferam
1213 1923 1506 2003 accepisse,
1548 1922 1612 1982 δε
1637 1938 1831 1984 tamen
1859 1943 2017 2003 pau-y

268 2004 520 2063 ciffimos
547 2005 655 2064 hos
694 2004 910 2063 volunt
936 2005 1296 2082 Apostolum
1332 2024 1437 2085 per
1471 2023 1680 2063 vocem
1705 2006 1998 2086 [omnibus]
2042 2074 2045 2078 ⁴

269 2082 612 2166 fignificare.
696 2084 778 2145 Et
817 2083 953 2144 licet
1006 2084 1119 2144 hoc
1157 2085 1399 2145 sufficiat
1452 2084 1527 2144 ad
1575 2084 1714 2144 tales
1761 2085 2003 2166 ineptias

269 2166 625 2236 refellendaS‚
671 2179 866 2225 tamen
915 2180 982 2224 ut
1017 2181 1181 2226 extra
1223 2165 1646 2227 dubitationem
1685 2185 1772 2225 res
1811 2166 2003 2246 pofita

270 2246 364 2319 fit,
410 2247 567 2308 aliud
587 2245 834 2326 ejusdem
864 2246 1138 2326 Apostoli
1177 2246 1398 2307 dictum
1427 2246 1768 2327 producam,
1813 2268 2004 2330 eoque

267 2347 384 2409 pro
406 2328 508 2389 suo
538 2330 846 2408 interprete
873 2343 1129 2400 utemur,
1175 2328 1251 2388 ad
1289 2330 1468 2388 Rom.
1496 2349 1555 2387 v.
1587 2331 1678 2388 18.
1721 2329 1868 2392 Sicut
1896 2348 2004 2410 per

267 2413 427 2470 unius
461 2411 709 2488 offensam
744 2408 944 2469 malum
984 2413 1133 2470 venit
1181 2413 1236 2469 in
1275 2431 1446 2471 omnes
1488 2411 1716 2470 homines
1763 2411 1840 2470 ad
1881 2434 2003 2472 con-

266 2493 665 2563 damnationem,
702 2492 785 2568 stc
821 2508 925 2569 per
950 2495 1106 2551 unius
1128 2493 1550 2573 justificationem
1587 2491 1886 2567 beneficium
1913 2515 2000 2554 re-

267 2573 537 2634 dundavit
574 2575 631 2634 in
685 2593 855 2632 omnes
896 2574 1122 2634 homines
1164 2572 1240 2633 ad
1273 2574 1713 2655 justificationem.
1799 2575 2001 2637 Nemo

269 2655 490 2714 ratione
515 2669 696 2724 utenS,
741 2652 842 2712 nifi
891 2653 1175 2716 obstinate
1222 2653 1451 2733 ignarus
1493 2655 1584 2724 s1t,
1627 2673 1840 2734 negare
1886 2677 2001 2737 po-

269 2736 378 2796 test
420 2735 676 2815 priorem
714 2755 923 2794 vocem
981 2735 1205 2816 [omnes]
1263 2735 1325 2794 ὅτ
1364 2735 1742 2816 posteriorem
1784 2756 1999 2799 vocem

271 2818 499 2900 [omnes]
562 2815 807 2894 ejusdem
853 2816 1055 2896 speciei
1102 2816 1165 2876 &
1228 2816 1536 2877 latitudinis
1589 2817 1715 2877 effe.
1799 2818 1912 2879 Vel
1953 2819 1997 2878 fi

269 2918 411 2969 non,
457 2896 760 2957 Ostendant
813 2897 978 2958 nobis
1024 2897 1359 2978 exemplum
1420 2899 1475 2958 in
1524 2898 1841 2978 Scriptura,
1900 2898 1995 2960 vel

267 2979 470 3058 aliquo
510 2978 625 3037 alio
660 2979 914 3057 probato
954 2978 1251 3060 scriptore,
1295 2981 1398 3040 ubi
1444 2979 1608 3040 aliter
1637 2979 1724 3039 fit.
1796 2981 1996 3059 Opor-

272 3059 572 3138 tetigitur,
617 3059 710 3119 vel
744 3060 1099 3119 affirmemus
1126 3060 1242 3120 hoc
1282 3062 1524 3133 malum,
1571 3060 1731 3141 quod
1755 3060 1830 3120 ad
1858 3079 1991 3120 con-

269 3139 700 3198 demnationem
741 3139 944 3211 tendit,
1010 3141 1066 3201 in
1102 3161 1301 3202 omnes
1347 3163 1462 3203 non
1494 3142 1723 3211 veniss‘e,
1766 3139 1866 3200 vel
1908 3139 1994 3201 fa-

269 3219 378 3277 teri
424 3220 764 3279 beneficium
811 3220 986 3280 etiam
1035 3222 1148 3281 hoc
1203 3242 1306 3302 per
1345 3222 1637 3282 Christum
1685 3221 1742 3278 in
1797 3241 1996 3284 omnes

268 3297 495 3360 veniffe.
579 3298 672 3358 Ex
709 3300 914 3378 quibus
953 3302 1030 3363 fic
1084 3319 1498 3385 argumentor:
1558 3301 1620 3361 Si
1658 3318 1856 3442 offges
1892 3322 2000 3382 per

1793 3402 1989 3446 amum
