2086 3640
210 74 330 151 348
435 71 922 134 THESJS
980 67 1821 134 DUODECJMA.

203 180 472 243 veniatur
508 182 565 240 in
607 179 906 261 Scriptura
956 178 1253 249 termium,
1327 196 1447 258 quo
1490 178 1578 239 uti
1623 182 1943 262 pofl'umuS,

202 261 407 325 fiveea
450 261 728 333 instituta,
782 260 1077 332 mandata,
1123 275 1438 340 praecepta,
1480 259 1662 340 lege&
1735 263 1946 324 statuta

202 345 316 403 &o
360 344 746 416 nominemus,
794 342 893 423 qui
940 342 1044 404 tali
1093 340 1502 402 controverfiae
1551 358 1787 422 portam
1808 366 1943 426 ape-

202 426 334 496 riat,
400 427 538 484 cum
586 446 690 485 nec
745 425 941 485 dicant
980 422 1299 493 Pontificii,
1379 422 1540 504 quod
1587 421 1700 484 fint
1750 424 1940 487 solum
1990 459 2002 475 ι

187 509 407 585 septem,
449 507 544 566 vel
595 507 1007 578 ProtestanteS,
1054 505 1217 587 quod
1265 504 1375 564 fint
1415 507 1645 565 tantum
1686 504 1786 566 duo
1842 527 1941 566 eo-

201 608 356 658 rum,
437 610 570 670 quae
626 589 798 670 supra
843 587 1140 649 nominata
1199 586 1342 646 sunt.
1427 586 1486 646 Si
1522 586 1744 658 dicetur,
1805 589 1945 648 oriri

202 670 352 730 hanc
394 669 850 732 controversiam
878 671 910 728 a
936 670 1016 729 rei
1037 668 1368 728 definitione
1405 686 1522 728 non
1555 668 1743 729 minus
1762 669 1942 750 quam

201 750 235 808 ὲ
295 752 528 812 nomi-ne
553 774 595 811 ε·
632 752 954 833 Respondw,
999 751 1166 812 aliter
1220 749 1588 817 invenietur;
1631 770 1769 812 nam
1797 766 1946 832 quo-

200 853 321 913 quo
359 835 542 894 modo
582 834 983 895 definitionem
1020 834 1354 894 Sacramenti
1389 831 1762 913 accipiamuS,
1827 831 1945 892 five

199 915 365 975 velut
405 931 708 977 externum
748 916 998 998 signum,
1042 935 1161 995 quo
1202 913 1423 975 interna
1459 914 1651 995 gratia
1677 914 1944 974 velcon-

197 995 436 1068 feratur,
502 998 598 1057 vel
639 998 1008 1059 solummodo
1051 996 1429 1077 significetur,
1496 997 1623 1057 haec
1676 994 1945 1056 definitio

199 1078 461 1159 pluribus
510 1080 633 1139 aliis
682 1084 850 1143 rebus
899 1079 1223 1150 conveniet,
1287 1098 1429 1158 quas
1485 1098 1590 1138 nec
1640 1077 1942 1140 Pontificii

197 1180 306 1220 nec
333 1161 721 1221 Protestantes
741 1163 1093 1223 Sacramenta
1109 1160 1426 1240 agnoscunt
1452 1185 1469 1227 3
1516 1162 1559 1221 si
1576 1158 1680 1221 sub
1701 1158 1940 1219 nomine

196 1242 592 1303 ordinationum
635 1246 1046 1325 confignantium
1099 1241 1499 1321 exprimantur
1543 1243 1635 1318 (ut
1681 1240 1944 1301 nonnulli

200 1322 551 1403 loquuntur)
599 1346 898 1406 nunquam
940 1322 1084 1386 mihi
1121 1322 1438 1394 constabat,
1503 1321 1804 1402 quomodo
1845 1322 1940 1382 vel

193 1403 503 1464 secundum
547 1407 852 1479 rationem,
897 1423 998 1467 aut
1037 1405 1399 1484 Scripturam
1443 1404 1537 1463 hic
1578 1403 1694 1463 illis
1722 1423 1941 1483 appro-

197 1487 422 1565 prietur
471 1487 695 1558 titulus,
744 1488 930 1568 magis
971 1487 1150 1568 quam
1191 1484 1365 1546 alicui
1407 1484 1503 1545 alii
1544 1483 1742 1544 officio
1772 1483 1942 1544 Chri-

195 1566 421 1627 stiano:
466 1567 613 1628 illud
649 1568 803 1629 enim
852 1568 1092 1650 proprie
1127 1568 1392 1627 ordinatio
1431 1567 1566 1642 confi
1597 1586 1732 1626 nans
1745 1565 1941 1628 dicen-

196 1647 342 1708 dum
384 1649 488 1722 est,
561 1671 679 1731 quo
718 1650 844 1733 quis
888 1649 1161 1732 recipiens
1210 1648 1270 1706 id
1312 1646 1555 1710 infallibi
1583 1647 1692 1707 iter
1753 1652 1941 1709 certus

195 1730 279 1789 est
326 1731 712 1812 promissionis
756 1733 851 1793 vel
897 1734 978 1791 rei
1026 1729 1396 1811 confignatae.
1480 1730 1540 1790 Si
1570 1729 1790 1802 dicetur,
1865 1727 1944 1788 fic

199 1810 325 1872 fore
353 1813 657 1876 fidelibus:
718 1815 1039 1895 Responde&
1084 1812 1160 1874 fic
1187 1813 1365 1874 etiam
1395 1811 1524 1872 {unt
1545 1811 1755 1882 orati0,
1787 1831 1944 1892 prae·

193 1892 410 1954 dicatio
457 1895 519 1956 &
563 1895 995 1978 uniuscujusque
1042 1895 1182 1959 boni
1239 1893 1430 1975 operis
1466 1891 1802 1975 praestati03
1868 1894 1932 1956 δι’

194 1975 336 2054 quid
384 1976 511 2037 haec
567 1977 920 2038 sacramenta
978 1976 1268 2058 peculiare
1318 1991 1456 2035 tunc
1498 1976 1731 2046 habent,
1797 1976 1938 2035 cum

193 2076 300 2116 nec
349 2055 560 2116 horum
604 2058 976 2139 participatio
1014 2059 1110 2118 vel
1159 2055 1455 2136 praestatio
1504 2055 1674 2116 alicui
1723 2054 1932 2114 certio-

192 2155 322 2197 rem
370 2138 445 2196 ad
485 2139 671 2199 coelos
713 2139 951 2201 titulum
999 2139 1118 2208 det,
1184 2137 1246 2195 &
1277 2135 1615 2218 quibusdam
1671 2134 1937 2216 respecti-

193 2220 299 2280 bus
342 2239 455 2279 non
502 2236 755 2293 tantum,
800 2221 979 2301 quam
1021 2220 1280 2281 illorum.

279 2301 528 2361 Num„
573 2303 735 2363 aliud
762 2303 1094 2363 haereditatis
1142 2301 1332 2379 nostra
1359 2300 1704 2380 stgnaturam
1734 2298 1805 2361 ὅ
1835 2318 1937 2358 αν-

194 2384 487 2445 rhabonem
543 2383 810 2445 nominat
849 2385 1149 2465 Scriptura
1206 2397 1422 2461 praeter
1487 2381 1747 2459 Spiritum
1796 2381 1930 2452 Dei,

195 2464 312 2525 hoc
358 2466 608 2526 dicimur
650 2466 883 2547 fignari,
973 2465 1133 2546 quod
1186 2465 1248 2522 δε
1309 2464 1520 2522 dicitur
1583 2461 1933 2522 haereditatis

194 2546 407 2606 nostrae
451 2548 684 2628 pignu3‚
730 2548 792 2606 ὅτ
828 2568 945 2607 non
982 2545 1215 2607 externa
1263 2544 1583 2614 ablutione,
1628 2544 1722 2602 vel
1769 2561 1933 2602 man-

195 2629 485 2701 ducand0‚
553 2646 655 2689 aut
706 2628 978 2700 bibendo,
1044 2627 1204 2709 quod
1243 2643 1310 2686 ut
1346 2624 1681 2706 iniquiffimi
1746 2622 1933 2684 facere
2019 2685 2024 2689 ,

195 2711 452 2789 possunt,
500 2710 576 2770 fic
618 2710 834 2770 nemini
857 2710 1103 2771 dubium
1132 2709 1234 2781 est,
1282 2708 1421 2787 quin
1450 2706 1706 2787 plerique
1742 2704 1819 2765 ita
1869 2727 1931 2765 a-

192 2807 392 2869 gentes
454 2792 511 2853 in
565 2791 953 2873 perditionem
990 2794 1242 2858 abeant3
1315 2810 1431 2848 non
1487 2788 1640 2848 enim
1694 2786 1933 2847 externa
1982 2814 1985 2818 ·

192 2872 412 2932 lotione
458 2888 559 2933 aut
596 2873 886 2954 baptismo
926 2894 1093 2954 aquae
1131 2872 1446 2932 mundatur
1491 2889 1615 2940 cor,
1661 2889 1782 2948 quo
1821 2869 1927 2927 ho-

196 2954 380 3014 mines
410 2955 485 3013 ad
522 2954 746 3014 coelum
767 2964 1210 3035 praeparantur3
1253 2954 1314 3012 δε
1339 2952 1527 3022 licut,
1572 2949 1732 3030 quod
1774 2950 1929 3019 insos

195 3034 374 3095 intrat
415 3035 711 3095 hominem
759 3056 876 3094 non
919 3035 1156 3116 polluit,
1218 3035 1352 3115 quia
1385 3033 1580 3092 *rursus
1608 3028 1925 3111 egreditur,

192 3114 255 3173 &
303 3116 360 3175 in
402 3116 818 3197 sterquilinium
846 3119 990 3189 abit,
1036 3117 1115 3178 ita
1136 3137 1318 3197 neque
1346 3114 1699 3197 purificatur·
1737 3110 1920 3169 homo

1278 3231 1283 3232 ff
1794 3189 1920 3260 illo,

257 3376 292 3443 ξ
321 3375 431 3443 Eph.
465 3375 501 3430 i.
534 3387 612 3436 ¹4·
647 3377 711 3428 iv.
753 3390 839 3437 30.
900 3389 930 3427 2
955 3374 1133 3437 Cor-Ni.
1171 3385 1252 3425 22.
