<?xml version="1.0" encoding="UTF-8"?>
<!DOCTYPE html PUBLIC "-//W3C//DTD XHTML 1.0 Transitional//EN"
    "http://www.w3.org/TR/xhtml1/DTD/xhtml1-transitional.dtd">
<html xmlns="http://www.w3.org/1999/xhtml" xml:lang="en" lang="en">
 <head>
  <title>
</title>
<meta http-equiv="Content-Type" content="text/html;charset=utf-8" />
  <meta name='ocr-system' content='tesseract 3.04.00' />
  <meta name='ocr-capabilities' content='ocr_page ocr_carea ocr_par ocr_line ocrx_word'/>
</head>
<body>
  <div class='ocr_page' id='page_1' title='image "./theologiaeverech00barcuoft_0159.png"; bbox 0 0 2086 3640; ppageno 0'>
   <div class='ocr_carea' id='block_1_1' title="bbox 191 94 1802 202">
    <p class='ocr_par' dir='ltr' id='par_1_1' title="bbox 191 94 1802 202">
     <span class='ocr_line' id='line_1_1' title="bbox 191 94 1802 202; baseline 0.006 -24"><span class='ocrx_word' id='word_1_1' title='bbox 191 119 303 179; x_wconf 82' lang='lat' dir='ltr'><em>&#39;De</em></span> <span class='ocrx_word' id='word_1_2' title='bbox 328 94 619 197; x_wconf 58' lang='lat' dir='ltr'><em>universali</em></span> <span class='ocrx_word' id='word_1_3' title='bbox 645 116 716 180; x_wconf 51' lang='grc' dir='ltr'><em>ὅ)</em></span> <span class='ocrx_word' id='word_1_4' title='bbox 744 117 1027 196; x_wconf 69' lang='lat' dir='ltr'><em>Jalutzfi’ro</em></span> <span class='ocrx_word' id='word_1_5' title='bbox 1050 116 1246 178; x_wconf 85' lang='lat' dir='ltr'><em>lumine</em></span> <span class='ocrx_word' id='word_1_6' title='bbox 1269 121 1399 196; x_wconf 72' lang='lat' dir='ltr'><em>Jesu</em></span> <span class='ocrx_word' id='word_1_7' title='bbox 1428 122 1639 201; x_wconf 81' lang='lat' dir='ltr'><em>Christi.</em></span> <span class='ocrx_word' id='word_1_8' title='bbox 1695 145 1761 202; x_wconf 83' lang='lat'><em>13</em></span> <span class='ocrx_word' id='word_1_9' title='bbox 1779 145 1802 188; x_wconf 85' lang='lat'>1</span> 
     </span>
    </p>
   </div>
   <div class='ocr_carea' id='block_1_2' title="bbox 0 223 1842 3456">
    <p class='ocr_par' dir='ltr' id='par_1_2' title="bbox 0 223 1842 3456">
     <span class='ocr_line' id='line_1_2' title="bbox 83 223 1810 308; baseline 0.003 -25"><span class='ocrx_word' id='word_1_10' title='bbox 83 244 202 305; x_wconf 85' lang='lat' dir='ltr'><em>ergo</em></span> <span class='ocrx_word' id='word_1_11' title='bbox 240 226 418 302; x_wconf 85' lang='lat' dir='ltr'><em>verbis</em></span> <span class='ocrx_word' id='word_1_12' title='bbox 459 227 732 308; x_wconf 70' lang='lat' dir='ltr'><em>acczq&#39;atur</em></span> <span class='ocrx_word' id='word_1_13' title='bbox 770 223 1012 296; x_wconf 86' lang='lat' dir='ltr'><em>mundus,</em></span> <span class='ocrx_word' id='word_1_14' title='bbox 1079 226 1224 304; x_wconf 83' lang='lat' dir='ltr'><em>quast</em></span> <span class='ocrx_word' id='word_1_15' title='bbox 1265 229 1502 305; x_wconf 78' lang='lat' dir='ltr'><em>ingratus</em></span> <span class='ocrx_word' id='word_1_16' title='bbox 1538 229 1605 289; x_wconf 69' lang='lat'><em>63⁹</em></span> <span class='ocrx_word' id='word_1_17' title='bbox 1647 230 1810 308; x_wconf 72' lang='lat' dir='ltr'><em>insen-</em></span> 
     </span>
     <span class='ocr_line' id='line_1_3' title="bbox 38 305 1807 385; baseline 0.004 -21"><span class='ocrx_word' id='word_1_18' title='bbox 38 351 41 354; x_wconf 45' lang='lat'><em>&gt;</em></span> <span class='ocrx_word' id='word_1_19' title='bbox 67 305 265 381; x_wconf 64' lang='lat' dir='ltr'><em>filulis,</em></span> <span class='ocrx_word' id='word_1_20' title='bbox 315 307 585 365; x_wconf 83' lang='lat' dir='ltr'><em>authorem</em></span> <span class='ocrx_word' id='word_1_21' title='bbox 610 306 769 382; x_wconf 85' lang='lat' dir='ltr'><em>sicum</em></span> <span class='ocrx_word' id='word_1_22' title='bbox 809 307 1044 382; x_wconf 75' lang='lat' dir='ltr'><em>nesciens,</em></span> <span class='ocrx_word' id='word_1_23' title='bbox 1092 327 1252 385; x_wconf 84' lang='lat' dir='ltr'><em>neque</em></span> <span class='ocrx_word' id='word_1_24' title='bbox 1291 308 1476 366; x_wconf 84' lang='lat' dir='ltr'><em>bonum</em></span> <span class='ocrx_word' id='word_1_25' title='bbox 1533 309 1807 371; x_wconf 88' lang='lat' dir='ltr'><em>illumina-</em></span> 
     </span>
     <span class='ocr_line' id='line_1_4' title="bbox 17 384 1807 466; baseline 0.006 -25"><span class='ocrx_word' id='word_1_26' title='bbox 17 439 21 441; x_wconf 81' lang='lat'>.</span> <span class='ocrx_word' id='word_1_27' title='bbox 78 390 236 446; x_wconf 89' lang='lat' dir='ltr'><em>tionis</em></span> <span class='ocrx_word' id='word_1_28' title='bbox 261 389 508 466; x_wconf 61' lang='lat' dir='ltr'><em>frustum</em></span> <span class='ocrx_word' id='word_1_29' title='bbox 538 384 872 464; x_wconf 78' lang='lat' dir='ltr'><em>producen53</em></span> <span class='ocrx_word' id='word_1_30' title='bbox 917 400 976 444; x_wconf 86' lang='lat' dir='ltr'><em>ut</em></span> <span class='ocrx_word' id='word_1_31' title='bbox 1002 408 1139 446; x_wconf 89' lang='lat' dir='ltr'><em>nunc</em></span> <span class='ocrx_word' id='word_1_32' title='bbox 1165 386 1418 445; x_wconf 85' lang='lat' dir='ltr'><em>videatur</em></span> <span class='ocrx_word' id='word_1_33' title='bbox 1443 393 1573 449; x_wconf 68' lang='lat' dir='ltr'><em>vere</em></span> <span class='ocrx_word' id='word_1_34' title='bbox 1612 391 1674 451; x_wconf 87' lang='lat' dir='ltr'><em>de</em></span> <span class='ocrx_word' id='word_1_35' title='bbox 1699 397 1807 452; x_wconf 73' lang='grc' dir='ltr'><em>σητ-ι</em></span> 
     </span>
     <span class='ocr_line' id='line_1_5' title="bbox 78 465 1805 548; baseline 0.004 -22"><span class='ocrx_word' id='word_1_36' title='bbox 78 469 231 527; x_wconf 86' lang='lat' dir='ltr'><em>nibus</em></span> <span class='ocrx_word' id='word_1_37' title='bbox 270 469 375 528; x_wconf 87' lang='lat' dir='ltr'><em>dici</em></span> <span class='ocrx_word' id='word_1_38' title='bbox 398 466 558 548; x_wconf 79' lang='lat' dir='ltr'><em>poſje,&#39;</em></span> <span class='ocrx_word' id='word_1_39' title='bbox 601 465 737 546; x_wconf 85' lang='lat' dir='ltr'><em>quod</em></span> <span class='ocrx_word' id='word_1_40' title='bbox 758 481 863 543; x_wconf 82' lang='lat' dir='ltr'><em>per</em></span> <span class='ocrx_word' id='word_1_41' title='bbox 901 467 1226 544; x_wconf 82' lang='lat' dir='ltr'><em>Prophetam</em></span> <span class='ocrx_word' id='word_1_42' title='bbox 1263 466 1325 525; x_wconf 87' lang='lat' dir='ltr'><em>de</em></span> <span class='ocrx_word' id='word_1_43' title='bbox 1359 469 1576 544; x_wconf 64' lang='lat' dir='ltr'><em>Judreis</em></span> <span class='ocrx_word' id='word_1_44' title='bbox 1603 472 1805 533; x_wconf 79' lang='lat' dir='ltr'><em>diceba-</em></span> 
     </span>
     <span class='ocr_line' id='line_1_6' title="bbox 72 545 1804 628; baseline 0.005 -21"><span class='ocrx_word' id='word_1_45' title='bbox 72 561 190 619; x_wconf 87' lang='lat' dir='ltr'><em>tur,</em></span> <span class='ocrx_word' id='word_1_46' title='bbox 236 549 614 628; x_wconf 67' lang='lat' dir='ltr'><em>expeftabam</em></span> <span class='ocrx_word' id='word_1_47' title='bbox 643 560 708 606; x_wconf 93' lang='lat' dir='ltr'><em>ut</em></span> <span class='ocrx_word' id='word_1_48' title='bbox 735 545 1080 625; x_wconf 83' lang='lat' dir='ltr'>produceret</span> <span class='ocrx_word' id='word_1_49' title='bbox 1100 568 1256 617; x_wconf 78' lang='lat' dir='ltr'><em>uvaS,</em></span> <span class='ocrx_word' id='word_1_50' title='bbox 1306 550 1586 626; x_wconf 87' lang='lat' dir='ltr'><em>produxit</em></span> <span class='ocrx_word' id='word_1_51' title='bbox 1613 570 1804 615; x_wconf 87' lang='lat' dir='ltr'><em>autem</em></span> 
     </span>
     <span class='ocr_line' id='line_1_7' title="bbox 75 626 1806 710; baseline 0.005 -23"><span class='ocrx_word' id='word_1_52' title='bbox 75 629 396 696; x_wconf 80' lang='lat' dir='ltr'><em>labruscas3</em></span> <span class='ocrx_word' id='word_1_53' title='bbox 439 648 564 687; x_wconf 90' lang='lat' dir='ltr'><em>nam</em></span> <span class='ocrx_word' id='word_1_54' title='bbox 584 628 741 688; x_wconf 85' lang='lat' dir='ltr'><em>bonus</em></span> <span class='ocrx_word' id='word_1_55' title='bbox 762 626 1164 689; x_wconf 84' lang='lat' dir='ltr'><em>illuminationis</em></span> <span class='ocrx_word' id='word_1_56' title='bbox 1190 631 1408 706; x_wconf 64' lang='lat' dir='ltr'><em>fruetus</em></span> <span class='ocrx_word' id='word_1_57' title='bbox 1435 645 1552 691; x_wconf 84' lang='lat' dir='ltr'><em>erat</em></span> <span class='ocrx_word' id='word_1_58' title='bbox 1581 636 1806 710; x_wconf 87' lang='lat' dir='ltr'><em>scientia</em></span> 
     </span>
     <span class='ocr_line' id='line_1_8' title="bbox 73 709 1761 789; baseline 0.004 -20"><span class='ocrx_word' id='word_1_59' title='bbox 73 713 343 789; x_wconf 83' lang='lat' dir='ltr'><em>unigeniti,</em></span> <span class='ocrx_word' id='word_1_60' title='bbox 375 711 521 788; x_wconf 86' lang='lat' dir='ltr'><em>quasi</em></span> <span class='ocrx_word' id='word_1_61' title='bbox 547 729 661 769; x_wconf 87' lang='lat' dir='ltr'><em>uva</em></span> <span class='ocrx_word' id='word_1_62' title='bbox 682 730 745 769; x_wconf 83' lang='lat' dir='ltr'><em>ex</em></span> <span class='ocrx_word' id='word_1_63' title='bbox 762 711 1052 789; x_wconf 65' lang='lat' dir='ltr'><em>fruttifero</em></span> <span class='ocrx_word' id='word_1_64' title='bbox 1071 709 1298 788; x_wconf 81' lang='lat' dir='ltr'><em>palmite</em></span> <span class='ocrx_word' id='word_1_65' title='bbox 1325 712 1624 788; x_wconf 78' lang='lat' dir='ltr'><em>dependens,</em></span> <span class='ocrx_word' id='word_1_66' title='bbox 1651 726 1761 779; x_wconf 55' lang='lat' dir='ltr'><em>&amp;a</em></span> 
     </span>
     <span class='ocr_line' id='line_1_9' title="bbox 149 790 1802 872; baseline 0.004 -23"><span class='ocrx_word' id='word_1_67' title='bbox 149 790 256 851; x_wconf 85' lang='lat' dir='ltr'><em>Ex</em></span> <span class='ocrx_word' id='word_1_68' title='bbox 299 790 504 872; x_wconf 86' lang='lat' dir='ltr'><em>quibus</em></span> <span class='ocrx_word' id='word_1_69' title='bbox 546 806 810 871; x_wconf 86' lang='lat' dir='ltr'><em>apparet,</em></span> <span class='ocrx_word' id='word_1_70' title='bbox 856 790 1146 850; x_wconf 85' lang='lat' dir='ltr'><em>credidiffe</em></span> <span class='ocrx_word' id='word_1_71' title='bbox 1186 791 1481 870; x_wconf 89' lang='lat' dir='ltr'><em>Cyrillum</em></span> <span class='ocrx_word' id='word_1_72' title='bbox 1512 795 1802 855; x_wconf 87' lang='lat' dir='ltr'><em>illumina-</em></span> 
     </span>
     <span class='ocr_line' id='line_1_10' title="bbox 69 870 1803 959; baseline 0.003 -28"><span class='ocrx_word' id='word_1_73' title='bbox 69 871 288 932; x_wconf 88' lang='lat' dir='ltr'><em>tionem</em></span> <span class='ocrx_word' id='word_1_74' title='bbox 345 872 613 932; x_wconf 90' lang='lat' dir='ltr'><em>omnibus</em></span> <span class='ocrx_word' id='word_1_75' title='bbox 657 870 1002 932; x_wconf 84' lang='lat' dir='ltr'><em>salutiferam</em></span> <span class='ocrx_word' id='word_1_76' title='bbox 1045 872 1319 932; x_wconf 83' lang='lat' dir='ltr'><em>traditam</em></span> <span class='ocrx_word' id='word_1_77' title='bbox 1359 872 1533 933; x_wconf 84' lang='lat' dir='ltr'><em>fuiffe.</em></span> <span class='ocrx_word' id='word_1_78' title='bbox 1622 876 1803 959; x_wconf 80' lang='lat' dir='ltr'><em>Qod</em></span> 
     </span>
     <span class='ocr_line' id='line_1_11' title="bbox 66 952 1802 1024; baseline 0.002 -11"><span class='ocrx_word' id='word_1_79' title='bbox 66 970 261 1013; x_wconf 85' lang='lat' dir='ltr'><em>autem</em></span> <span class='ocrx_word' id='word_1_80' title='bbox 283 953 353 1012; x_wconf 93' lang='lat' dir='ltr'><em>de</em></span> <span class='ocrx_word' id='word_1_81' title='bbox 389 954 592 1014; x_wconf 69' lang='lat' dir='ltr'><em>natura</em></span> <span class='ocrx_word' id='word_1_82' title='bbox 634 952 734 1024; x_wconf 86' lang='lat' dir='ltr'><em>ait,</em></span> <span class='ocrx_word' id='word_1_83' title='bbox 779 954 850 1013; x_wconf 88' lang='lat' dir='ltr'><em>de</em></span> <span class='ocrx_word' id='word_1_84' title='bbox 878 953 1035 1013; x_wconf 72' lang='lat' dir='ltr'><em>mera</em></span> <span class='ocrx_word' id='word_1_85' title='bbox 1072 955 1135 1012; x_wconf 73' lang='grc' dir='ltr'><em>δε</em></span> <span class='ocrx_word' id='word_1_86' title='bbox 1169 955 1465 1014; x_wconf 89' lang='lat' dir='ltr'><em>communi</em></span> <span class='ocrx_word' id='word_1_87' title='bbox 1494 956 1802 1017; x_wconf 89' lang='lat' dir='ltr'><em>hominum</em></span> 
     </span>
     <span class='ocr_line' id='line_1_12' title="bbox 66 1034 1801 1117; baseline 0.002 -24"><span class='ocrx_word' id='word_1_88' title='bbox 66 1036 267 1095; x_wconf 68' lang='lat' dir='ltr'><em>natura</em></span> <span class='ocrx_word' id='word_1_89' title='bbox 309 1056 380 1095; x_wconf 88' lang='lat' dir='ltr'><em>ex</em></span> <span class='ocrx_word' id='word_1_90' title='bbox 420 1035 474 1094; x_wconf 89' lang='lat' dir='ltr'><em>se</em></span> <span class='ocrx_word' id='word_1_91' title='bbox 516 1034 757 1094; x_wconf 73' lang='lat' dir='ltr'><em>minime</em></span> <span class='ocrx_word' id='word_1_92' title='bbox 795 1034 1098 1106; x_wconf 80' lang='lat' dir='ltr'><em>intelle-xit,</em></span> <span class='ocrx_word' id='word_1_93' title='bbox 1164 1035 1260 1094; x_wconf 90' lang='lat' dir='ltr'><em>sed</em></span> <span class='ocrx_word' id='word_1_94' title='bbox 1300 1036 1372 1093; x_wconf 88' lang='lat' dir='ltr'><em>de</em></span> <span class='ocrx_word' id='word_1_95' title='bbox 1402 1037 1623 1107; x_wconf 69' lang='lat' dir='ltr'><em>natura,</em></span> <span class='ocrx_word' id='word_1_96' title='bbox 1670 1040 1801 1117; x_wconf 84' lang='lat' dir='ltr'><em>quae</em></span> 
     </span>
     <span class='ocr_line' id='line_1_13' title="bbox 66 1114 1802 1195; baseline 0.002 -21"><span class='ocrx_word' id='word_1_97' title='bbox 66 1116 243 1177; x_wconf 91' lang='lat' dir='ltr'><em>habet</em></span> <span class='ocrx_word' id='word_1_98' title='bbox 280 1117 401 1176; x_wconf 92' lang='lat' dir='ltr'><em>vim</em></span> <span class='ocrx_word' id='word_1_99' title='bbox 456 1115 847 1195; x_wconf 71' lang='lat' dir='ltr'><em>intelligentiae</em></span> <span class='ocrx_word' id='word_1_100' title='bbox 898 1114 1002 1178; x_wconf 80' lang='lat' dir='ltr'><em>fibi</em></span> <span class='ocrx_word' id='word_1_101' title='bbox 1043 1116 1314 1178; x_wconf 68' lang='lat' dir='ltr'><em>divinitus</em></span> <span class='ocrx_word' id='word_1_102' title='bbox 1351 1116 1547 1175; x_wconf 86' lang='lat' dir='ltr'><em>datam</em></span> <span class='ocrx_word' id='word_1_103' title='bbox 1580 1136 1593 1174; x_wconf 73' lang='grc' dir='ltr'><em>τ</em></span> <span class='ocrx_word' id='word_1_104' title='bbox 1664 1139 1802 1177; x_wconf 89' lang='lat' dir='ltr'><em>nam</em></span> 
     </span>
     <span class='ocr_line' id='line_1_14' title="bbox 66 1196 1803 1276; baseline 0.001 -20"><span class='ocrx_word' id='word_1_105' title='bbox 66 1196 215 1257; x_wconf 86' lang='lat' dir='ltr'><em>hanc</em></span> <span class='ocrx_word' id='word_1_106' title='bbox 248 1197 619 1257; x_wconf 86' lang='lat' dir='ltr'><em>universalem</em></span> <span class='ocrx_word' id='word_1_107' title='bbox 656 1197 1137 1258; x_wconf 81' lang='lat' dir='ltr'><em>illuminationem</em></span> <span class='ocrx_word' id='word_1_108' title='bbox 1177 1197 1422 1276; x_wconf 86' lang='lat' dir='ltr'><em>ejusdem</em></span> <span class='ocrx_word' id='word_1_109' title='bbox 1453 1197 1673 1276; x_wconf 80' lang='lat' dir='ltr'><em>generis</em></span> <span class='ocrx_word' id='word_1_110' title='bbox 1695 1201 1803 1258; x_wconf 82' lang='lat' dir='ltr'><em>effe</em></span> 
     </span>
     <span class='ocr_line' id='line_1_15' title="bbox 65 1277 1800 1358; baseline 0.003 -23"><span class='ocrx_word' id='word_1_111' title='bbox 65 1277 278 1339; x_wconf 89' lang='lat' dir='ltr'><em>censuit</em></span> <span class='ocrx_word' id='word_1_112' title='bbox 318 1299 452 1338; x_wconf 90' lang='lat' dir='ltr'><em>cum</em></span> <span class='ocrx_word' id='word_1_113' title='bbox 482 1279 577 1338; x_wconf 65' lang='lat' dir='ltr'><em>illa</em></span> <span class='ocrx_word' id='word_1_114' title='bbox 614 1279 822 1358; x_wconf 67' lang='lat' dir='ltr'><em>gratia,</em></span> <span class='ocrx_word' id='word_1_115' title='bbox 869 1278 1025 1358; x_wconf 87' lang='lat' dir='ltr'><em>cujus</em></span> <span class='ocrx_word' id='word_1_116' title='bbox 1069 1281 1280 1340; x_wconf 86' lang='lat' dir='ltr'><em>Paulus</em></span> <span class='ocrx_word' id='word_1_117' title='bbox 1310 1277 1380 1337; x_wconf 89' lang='lat' dir='ltr'><em>ad</em></span> <span class='ocrx_word' id='word_1_118' title='bbox 1413 1279 1800 1340; x_wconf 80' lang='lat' dir='ltr'><em>Timotheum</em></span> 
     </span>
     <span class='ocr_line' id='line_1_16' title="bbox 65 1359 1797 1443; baseline 0.002 -26"><span class='ocrx_word' id='word_1_119' title='bbox 65 1359 347 1432; x_wconf 87' lang='lat' dir='ltr'><em>meminit,</em></span> <span class='ocrx_word' id='word_1_120' title='bbox 393 1359 604 1431; x_wconf 74' lang='lat' dir='ltr'><em>dicem,</em></span> <span class='ocrx_word' id='word_1_121' title='bbox 649 1359 786 1421; x_wconf 86' lang='lat' dir='ltr'><em>Noli</em></span> <span class='ocrx_word' id='word_1_122' title='bbox 831 1360 1086 1443; x_wconf 81' lang='lat' dir='ltr'><em>negligere</em></span> <span class='ocrx_word' id='word_1_123' title='bbox 1109 1364 1346 1443; x_wconf 84' lang='lat' dir='ltr'><em>gratiam</em></span> <span class='ocrx_word' id='word_1_124' title='bbox 1376 1382 1490 1441; x_wconf 77' lang='lat' dir='ltr'><em>quae</em></span> <span class='ocrx_word' id='word_1_125' title='bbox 1515 1362 1569 1418; x_wconf 90' lang='lat' dir='ltr'><em>in</em></span> <span class='ocrx_word' id='word_1_126' title='bbox 1599 1374 1649 1420; x_wconf 91' lang='lat' dir='ltr'><em>te</em></span> <span class='ocrx_word' id='word_1_127' title='bbox 1685 1365 1797 1437; x_wconf 79' lang='lat' dir='ltr'><em>est3</em></span> 
     </span>
     <span class='ocr_line' id='line_1_17' title="bbox 62 1440 1796 1536; baseline 0.002 -38"><span class='ocrx_word' id='word_1_128' title='bbox 62 1459 246 1521; x_wconf 91' lang='lat' dir='ltr'><em>neque</em></span> <span class='ocrx_word' id='word_1_129' title='bbox 287 1440 637 1500; x_wconf 87' lang='lat' dir='ltr'><em>credendum</em></span> <span class='ocrx_word' id='word_1_130' title='bbox 675 1442 775 1512; x_wconf 85' lang='lat' dir='ltr'><em>est,</em></span> <span class='ocrx_word' id='word_1_131' title='bbox 823 1444 1119 1536; x_wconf 80' lang='lat' dir='ltr'><em>Cyrillum</em></span> <span class='ocrx_word' id='word_1_132' title='bbox 1156 1442 1302 1501; x_wconf 78' lang='lat' dir='ltr'><em>adeo</em></span> <span class='ocrx_word' id='word_1_133' title='bbox 1325 1442 1593 1523; x_wconf 82' lang='lat' dir='ltr'><em>ignarum</em></span> <span class='ocrx_word' id='word_1_134' title='bbox 1617 1441 1796 1514; x_wconf 84' lang='lat' dir='ltr'><em>fuiffe‚</em></span> 
     </span>
     <span class='ocr_line' id='line_1_18' title="bbox 61 1521 1798 1660; baseline 0.003 -81"><span class='ocrx_word' id='word_1_135' title='bbox 61 1536 129 1660; x_wconf 53' lang='lat' dir='ltr'><em>iit</em></span> <span class='ocrx_word' id='word_1_136' title='bbox 170 1521 519 1583; x_wconf 86' lang='lat' dir='ltr'><em>existimaret</em></span> <span class='ocrx_word' id='word_1_137' title='bbox 556 1523 702 1583; x_wconf 90' lang='lat' dir='ltr'><em>hanc</em></span> <span class='ocrx_word' id='word_1_138' title='bbox 742 1541 991 1604; x_wconf 74' lang='lat' dir='ltr'><em>gratiam</em></span> <span class='ocrx_word' id='word_1_139' title='bbox 1028 1523 1289 1584; x_wconf 88' lang='lat' dir='ltr'><em>naturale</em></span> <span class='ocrx_word' id='word_1_140' title='bbox 1318 1521 1551 1602; x_wconf 82' lang='lat' dir='ltr'><em>aliquod</em></span> <span class='ocrx_word' id='word_1_141' title='bbox 1578 1523 1798 1585; x_wconf 88' lang='lat' dir='ltr'><em>donum</em></span> 
     </span>
     <span class='ocr_line' id='line_1_19' title="bbox 0 1603 1798 1662; baseline 0.001 -1"><span class='ocrx_word' id='word_1_142' title='bbox 0 1644 1 1647; x_wconf 51' lang='lat'><em>=</em></span> <span class='ocrx_word' id='word_1_143' title='bbox 91 1603 243 1662; x_wconf 78' lang='lat' dir='ltr'><em>uisse,</em></span> <span class='ocrx_word' id='word_1_144' title='bbox 1796 1617 1798 1619; x_wconf 78' lang='grc'>’</span> 
     </span>
     <span class='ocr_line' id='line_1_20' title="bbox 0 1683 1798 1766; baseline 0.002 -23"><span class='ocrx_word' id='word_1_145' title='bbox 0 1683 1 1686; x_wconf 61' lang='grc'>’</span> <span class='ocrx_word' id='word_1_146' title='bbox 143 1683 346 1744; x_wconf 87' lang='lat' dir='ltr'>XXII.</span> <span class='ocrx_word' id='word_1_147' title='bbox 391 1685 716 1756; x_wconf 78' lang='lat' dir='ltr'>SECUNDO,</span> <span class='ocrx_word' id='word_1_148' title='bbox 760 1685 919 1766; x_wconf 88' lang='lat' dir='ltr'><em>quod</em></span> <span class='ocrx_word' id='word_1_149' title='bbox 944 1684 1296 1745; x_wconf 87' lang='lat' dir='ltr'><em>salutiferum</em></span> <span class='ocrx_word' id='word_1_150' title='bbox 1339 1684 1447 1743; x_wconf 87' lang='lat' dir='ltr'><em>hoc</em></span> <span class='ocrx_word' id='word_1_151' title='bbox 1497 1685 1693 1746; x_wconf 88' lang='lat' dir='ltr'><em>lumen</em></span> <span class='ocrx_word' id='word_1_152' title='bbox 1730 1686 1798 1746; x_wconf 65' lang='grc' dir='ltr'><em>δι’</em></span> 
     </span>
     <span class='ocr_line' id='line_1_21' title="bbox 60 1763 1833 1846; baseline 0.005 -24"><span class='ocrx_word' id='word_1_153' title='bbox 60 1763 269 1834; x_wconf 90' lang='lat' dir='ltr'><em>semen,</em></span> <span class='ocrx_word' id='word_1_154' title='bbox 334 1766 428 1824; x_wconf 92' lang='lat' dir='ltr'><em>vel</em></span> <span class='ocrx_word' id='word_1_155' title='bbox 469 1766 668 1825; x_wconf 91' lang='lat' dir='ltr'><em>saltem</em></span> <span class='ocrx_word' id='word_1_156' title='bbox 700 1766 969 1846; x_wconf 79' lang='lat' dir='ltr'><em>quaedain</em></span> <span class='ocrx_word' id='word_1_157' title='bbox 1017 1767 1274 1827; x_wconf 89' lang='lat' dir='ltr'><em>mensura</em></span> <span class='ocrx_word' id='word_1_158' title='bbox 1327 1763 1466 1844; x_wconf 77' lang='lat' dir='ltr'><em>eju3‚</em></span> <span class='ocrx_word' id='word_1_159' title='bbox 1529 1767 1833 1838; x_wconf 68' lang='lat' dir='ltr'><em>omnibus</em></span> 
     </span>
     <span class='ocr_line' id='line_1_22' title="bbox 61 1844 1793 1926; baseline 0.003 -23"><span class='ocrx_word' id='word_1_160' title='bbox 61 1844 198 1904; x_wconf 87' lang='lat' dir='ltr'><em>data</em></span> <span class='ocrx_word' id='word_1_161' title='bbox 258 1845 349 1918; x_wconf 85' lang='lat' dir='ltr'><em>fit,</em></span> <span class='ocrx_word' id='word_1_162' title='bbox 414 1846 669 1906; x_wconf 83' lang='lat' dir='ltr'><em>declarat</em></span> <span class='ocrx_word' id='word_1_163' title='bbox 709 1847 964 1907; x_wconf 85' lang='lat' dir='ltr'><em>Christus</em></span> <span class='ocrx_word' id='word_1_164' title='bbox 1025 1847 1082 1905; x_wconf 89' lang='lat' dir='ltr'><em>in</em></span> <span class='ocrx_word' id='word_1_165' title='bbox 1127 1848 1401 1926; x_wconf 69' lang='lat' dir='ltr'><em>parabol-21</em></span> <span class='ocrx_word' id='word_1_166' title='bbox 1451 1846 1793 1922; x_wconf 79' lang='lat' dir='ltr'><em>seminantis,</em></span> 
     </span>
     <span class='ocr_line' id='line_1_23' title="bbox 62 1926 1798 2008; baseline 0.001 -22"><span class='ocrx_word' id='word_1_167' title='bbox 62 1926 285 1986; x_wconf 83' lang='lat' dir='ltr'><em>Matth.</em></span> <span class='ocrx_word' id='word_1_168' title='bbox 315 1926 432 1987; x_wconf 87' lang='lat' dir='ltr'><em>xiii.</em></span> <span class='ocrx_word' id='word_1_169' title='bbox 481 1929 673 1987; x_wconf 87' lang='lat' dir='ltr'><em>Mare.</em></span> <span class='ocrx_word' id='word_1_170' title='bbox 704 1927 777 1990; x_wconf 83' lang='lat' dir='ltr'><em>iv.</em></span> <span class='ocrx_word' id='word_1_171' title='bbox 819 1928 880 1986; x_wconf 76' lang='grc' dir='ltr'><em>δε</em></span> <span class='ocrx_word' id='word_1_172' title='bbox 925 1929 1071 1989; x_wconf 81' lang='lat' dir='ltr'><em>Luc,</em></span> <span class='ocrx_word' id='word_1_173' title='bbox 1103 1928 1220 1986; x_wconf 88' lang='lat' dir='ltr'><em>viii.</em></span> <span class='ocrx_word' id='word_1_174' title='bbox 1265 1947 1384 1987; x_wconf 84' lang='lat' dir='ltr'><em>ver.</em></span> <span class='ocrx_word' id='word_1_175' title='bbox 1438 1949 1528 1986; x_wconf 89' lang='lat'><em>11.</em></span> <span class='ocrx_word' id='word_1_176' title='bbox 1577 1928 1678 1999; x_wconf 85' lang='lat' dir='ltr'><em>ait,</em></span> <span class='ocrx_word' id='word_1_177' title='bbox 1710 1931 1798 2008; x_wconf 78' lang='lat' dir='ltr'><em>se-</em></span> 
     </span>
     <span class='ocr_line' id='line_1_24' title="bbox 59 1999 1798 2091; baseline 0.001 -26"><span class='ocrx_word' id='word_1_178' title='bbox 59 2028 177 2066; x_wconf 86' lang='lat' dir='ltr'><em>men</em></span> <span class='ocrx_word' id='word_1_179' title='bbox 224 2009 336 2079; x_wconf 87' lang='lat' dir='ltr'><em>hoc,</em></span> <span class='ocrx_word' id='word_1_180' title='bbox 402 2008 562 2089; x_wconf 76' lang='lat' dir='ltr'><em>quod</em></span> <span class='ocrx_word' id='word_1_181' title='bbox 605 2008 792 2069; x_wconf 89' lang='lat' dir='ltr'><em>satum</em></span> <span class='ocrx_word' id='word_1_182' title='bbox 835 2007 915 2067; x_wconf 88' lang='lat' dir='ltr'><em>est</em></span> <span class='ocrx_word' id='word_1_183' title='bbox 960 1999 1032 2068; x_wconf 45' lang='lat' dir='ltr'><em>ins</em></span> <span class='ocrx_word' id='word_1_184' title='bbox 1072 2008 1302 2067; x_wconf 85' lang='lat' dir='ltr'><em>diverfis</em></span> <span class='ocrx_word' id='word_1_185' title='bbox 1345 2008 1428 2066; x_wconf 85' lang='lat' dir='ltr'><em>his</em></span> <span class='ocrx_word' id='word_1_186' title='bbox 1469 2008 1654 2080; x_wconf 79' lang='lat' dir='ltr'><em>terriS,</em></span> <span class='ocrx_word' id='word_1_187' title='bbox 1702 2010 1798 2091; x_wconf 76' lang='lat' dir='ltr'><em>⁶ffi’</em></span> 
     </span>
     <span class='ocr_line' id='line_1_25' title="bbox 57 2089 1797 2170; baseline 0.003 -23"><span class='ocrx_word' id='word_1_188' title='bbox 57 2089 284 2149; x_wconf 86' lang='lat' dir='ltr'><em>Verbum</em></span> <span class='ocrx_word' id='word_1_189' title='bbox 327 2090 456 2160; x_wconf 89' lang='lat' dir='ltr'><em>Dei,</em></span> <span class='ocrx_word' id='word_1_190' title='bbox 502 2091 750 2150; x_wconf 90' lang='lat' dir='ltr'><em>verbum</em></span> <span class='ocrx_word' id='word_1_191' title='bbox 794 2090 978 2170; x_wconf 84' lang='lat' dir='ltr'><em>regni,</em></span> <span class='ocrx_word' id='word_1_192' title='bbox 1045 2089 1205 2170; x_wconf 88' lang='lat' dir='ltr'><em>quod</em></span> <span class='ocrx_word' id='word_1_193' title='bbox 1251 2105 1423 2149; x_wconf 85' lang='lat' dir='ltr'><em>vocat</em></span> <span class='ocrx_word' id='word_1_194' title='bbox 1472 2091 1797 2169; x_wconf 77' lang='lat' dir='ltr'><em>Apostolus</em></span> 
     </span>
     <span class='ocr_line' id='line_1_26' title="bbox 55 2170 1797 2252; baseline 0.003 -24"><span class='ocrx_word' id='word_1_195' title='bbox 55 2170 277 2230; x_wconf 84' lang='lat' dir='ltr'><em>verbum</em></span> <span class='ocrx_word' id='word_1_196' title='bbox 305 2171 442 2246; x_wconf 88' lang='lat' dir='ltr'><em>fidei</em></span> <span class='ocrx_word' id='word_1_197' title='bbox 497 2170 570 2230; x_wconf 89' lang='lat' dir='ltr'><em>ad</em></span> <span class='ocrx_word' id='word_1_198' title='bbox 607 2172 785 2231; x_wconf 91' lang='lat' dir='ltr'><em>Rom.</em></span> <span class='ocrx_word' id='word_1_199' title='bbox 825 2191 882 2231; x_wconf 84' lang='lat' dir='ltr'><em>x.</em></span> <span class='ocrx_word' id='word_1_200' title='bbox 946 2170 1008 2230; x_wconf 84' lang='lat'>&amp;</span> <span class='ocrx_word' id='word_1_201' title='bbox 1054 2172 1177 2250; x_wconf 79' lang='lat' dir='ltr'><em>Jac,</em></span> <span class='ocrx_word' id='word_1_202' title='bbox 1224 2192 1348 2252; x_wconf 86' lang='lat' dir='ltr'><em>cap.</em></span> <span class='ocrx_word' id='word_1_203' title='bbox 1381 2172 1415 2231; x_wconf 91' lang='lat' dir='ltr'><em>i.</em></span> <span class='ocrx_word' id='word_1_204' title='bbox 1480 2191 1575 2230; x_wconf 86' lang='lat'><em>21.</em></span> <span class='ocrx_word' id='word_1_205' title='bbox 1620 2191 1797 2234; x_wconf 87' lang='lat' dir='ltr'><em>vocat</em></span> 
     </span>
     <span class='ocr_line' id='line_1_27' title="bbox 57 2253 1794 2334; baseline -0.001 -18"><span class='ocrx_word' id='word_1_206' title='bbox 57 2261 140 2318; x_wconf 69' lang='grc' dir='ltr'><em>τὸν</em></span> <span class='ocrx_word' id='word_1_207' title='bbox 163 2263 362 2328; x_wconf 63' lang='grc' dir='ltr'><strong><em>ἔμφυτον</em></strong></span> <span class='ocrx_word' id='word_1_208' title='bbox 391 2261 558 2334; x_wconf 55' lang='lat' dir='ltr'><em>Myer,</em></span> <span class='ocrx_word' id='word_1_209' title='bbox 602 2253 636 2312; x_wconf 93' lang='lat' dir='ltr'><em>i.</em></span> <span class='ocrx_word' id='word_1_210' title='bbox 680 2274 729 2313; x_wconf 90' lang='lat' dir='ltr'><em>e.</em></span> <span class='ocrx_word' id='word_1_211' title='bbox 795 2253 1016 2312; x_wconf 86' lang='lat' dir='ltr'><em>verbum</em></span> <span class='ocrx_word' id='word_1_212' title='bbox 1066 2255 1291 2331; x_wconf 83' lang='lat' dir='ltr'><em>insitum,</em></span> <span class='ocrx_word' id='word_1_213' title='bbox 1365 2253 1502 2333; x_wconf 81' lang='lat' dir='ltr'><em>quod</em></span> <span class='ocrx_word' id='word_1_214' title='bbox 1555 2258 1794 2315; x_wconf 88' lang='lat' dir='ltr'><em>animam</em></span> 
     </span>
     <span class='ocr_line' id='line_1_28' title="bbox 42 2331 1793 2414; baseline 0.002 -22"><span class='ocrx_word' id='word_1_215' title='bbox 42 2331 274 2408; x_wconf 76' lang='lat' dir='ltr'><em>salvare</em></span> <span class='ocrx_word' id='word_1_216' title='bbox 289 2338 470 2414; x_wconf 79' lang='lat' dir='ltr'><em>potest.</em></span> <span class='ocrx_word' id='word_1_217' title='bbox 558 2335 756 2395; x_wconf 90' lang='lat' dir='ltr'><em>Verba</em></span> <span class='ocrx_word' id='word_1_218' title='bbox 788 2333 904 2414; x_wconf 86' lang='lat' dir='ltr'><em>ipsa</em></span> <span class='ocrx_word' id='word_1_219' title='bbox 944 2333 1074 2393; x_wconf 79' lang='lat' dir='ltr'><em>satis</em></span> <span class='ocrx_word' id='word_1_220' title='bbox 1107 2335 1419 2404; x_wconf 81' lang='lat' dir='ltr'><em>declarant,</em></span> <span class='ocrx_word' id='word_1_221' title='bbox 1463 2334 1651 2394; x_wconf 89' lang='lat' dir='ltr'><em>semen</em></span> <span class='ocrx_word' id='word_1_222' title='bbox 1680 2337 1793 2396; x_wconf 84' lang='lat' dir='ltr'><em>hoc</em></span> 
     </span>
     <span class='ocr_line' id='line_1_29' title="bbox 53 2413 1793 2487; baseline 0.001 -13"><span class='ocrx_word' id='word_1_223' title='bbox 53 2436 127 2475; x_wconf 86' lang='lat' dir='ltr'><em>ex</em></span> <span class='ocrx_word' id='word_1_224' title='bbox 161 2416 361 2476; x_wconf 66' lang='lat' dir='ltr'><em>natura</em></span> <span class='ocrx_word' id='word_1_225' title='bbox 408 2415 501 2475; x_wconf 69' lang='lat' dir='ltr'><em>sua</em></span> <span class='ocrx_word' id='word_1_226' title='bbox 543 2413 702 2476; x_wconf 88' lang='lat' dir='ltr'><em>fuiffe</em></span> <span class='ocrx_word' id='word_1_227' title='bbox 743 2414 1123 2487; x_wconf 85' lang='lat' dir='ltr'><em>salutiferum,</em></span> <span class='ocrx_word' id='word_1_228' title='bbox 1188 2437 1323 2477; x_wconf 86' lang='lat' dir='ltr'><em>nam</em></span> <span class='ocrx_word' id='word_1_229' title='bbox 1362 2416 1417 2475; x_wconf 90' lang='lat' dir='ltr'><em>in</em></span> <span class='ocrx_word' id='word_1_230' title='bbox 1469 2416 1616 2474; x_wconf 69' lang='lat' dir='ltr'><em>terra</em></span> <span class='ocrx_word' id='word_1_231' title='bbox 1640 2417 1793 2476; x_wconf 65' lang='lat' dir='ltr'><em>bona</em></span> 
     </span>
     <span class='ocr_line' id='line_1_30' title="bbox 54 2495 982 2559; baseline 0 -3"><span class='ocrx_word' id='word_1_232' title='bbox 54 2496 414 2559; x_wconf 87' lang='lat' dir='ltr'><em>abundanter</em></span> <span class='ocrx_word' id='word_1_233' title='bbox 450 2497 704 2557; x_wconf 62' lang='lat' dir='ltr'><em>fruetum</em></span> <span class='ocrx_word' id='word_1_234' title='bbox 743 2495 982 2557; x_wconf 85' lang='lat' dir='ltr'><em>ferebat.</em></span> 
     </span>
     <span class='ocr_line' id='line_1_31' title="bbox 135 2576 1788 2659; baseline 0.002 -24"><span class='ocrx_word' id='word_1_235' title='bbox 135 2576 636 2639; x_wconf 69' lang='lat' dir='ltr'><em>onsERvANn&#39;uM</em></span> <span class='ocrx_word' id='word_1_236' title='bbox 684 2579 766 2637; x_wconf 83' lang='lat' dir='ltr'><em>est</em></span> <span class='ocrx_word' id='word_1_237' title='bbox 794 2577 974 2659; x_wconf 83' lang='lat' dir='ltr'><em>igitur</em></span> <span class='ocrx_word' id='word_1_238' title='bbox 1015 2579 1127 2637; x_wconf 84' lang='lat' dir='ltr'><em>hoe</em></span> <span class='ocrx_word' id='word_1_239' title='bbox 1177 2577 1337 2657; x_wconf 84' lang='lat' dir='ltr'><em>regni</em></span> <span class='ocrx_word' id='word_1_240' title='bbox 1374 2577 1561 2635; x_wconf 89' lang='lat' dir='ltr'><em>semen</em></span> <span class='ocrx_word' id='word_1_241' title='bbox 1598 2576 1788 2638; x_wconf 85' lang='lat' dir='ltr'><em>saluti·</em></span> 
     </span>
     <span class='ocr_line' id='line_1_32' title="bbox 54 2655 1788 2740; baseline 0.002 -25"><span class='ocrx_word' id='word_1_242' title='bbox 54 2655 260 2728; x_wconf 88' lang='lat' dir='ltr'><em>ferum,</em></span> <span class='ocrx_word' id='word_1_243' title='bbox 306 2660 417 2720; x_wconf 84' lang='lat' dir='ltr'><em>hoc</em></span> <span class='ocrx_word' id='word_1_244' title='bbox 458 2659 887 2740; x_wconf 87' lang='lat' dir='ltr'><em>supernaturale</em></span> <span class='ocrx_word' id='word_1_245' title='bbox 927 2660 988 2717; x_wconf 74' lang='grc' dir='ltr'><em>δε</em></span> <span class='ocrx_word' id='word_1_246' title='bbox 1035 2658 1312 2717; x_wconf 84' lang='lat' dir='ltr'><em>sufficiens</em></span> <span class='ocrx_word' id='word_1_247' title='bbox 1352 2657 1617 2737; x_wconf 80' lang='lat' dir='ltr'><em>verbum,</em></span> <span class='ocrx_word' id='word_1_248' title='bbox 1666 2679 1788 2719; x_wconf 88' lang='lat' dir='ltr'><em>rea-</em></span> 
     </span>
     <span class='ocr_line' id='line_1_33' title="bbox 53 2737 1789 2820; baseline 0.002 -24"><span class='ocrx_word' id='word_1_249' title='bbox 53 2737 186 2796; x_wconf 79' lang='lat' dir='ltr'><em>liter</em></span> <span class='ocrx_word' id='word_1_250' title='bbox 224 2739 407 2799; x_wconf 88' lang='lat' dir='ltr'><em>satum</em></span> <span class='ocrx_word' id='word_1_251' title='bbox 450 2741 557 2800; x_wconf 84' lang='lat' dir='ltr'><em>effe</em></span> <span class='ocrx_word' id='word_1_252' title='bbox 607 2740 672 2800; x_wconf 64' lang='lat' dir='ltr'><em>vin</em></span> <span class='ocrx_word' id='word_1_253' title='bbox 714 2739 863 2800; x_wconf 69' lang='lat' dir='ltr'><em>terra</em></span> <span class='ocrx_word' id='word_1_254' title='bbox 903 2740 1152 2820; x_wconf 68' lang='lat' dir='ltr'><em>petrosa,</em></span> <span class='ocrx_word' id='word_1_255' title='bbox 1215 2739 1455 2818; x_wconf 67' lang='lat' dir='ltr'><em>spinosa,</em></span> <span class='ocrx_word' id='word_1_256' title='bbox 1519 2738 1580 2796; x_wconf 86' lang='lat'>&amp;</span> <span class='ocrx_word' id='word_1_257' title='bbox 1634 2738 1789 2800; x_wconf 81' lang='lat' dir='ltr'><em>secus</em></span> 
     </span>
     <span class='ocr_line' id='line_1_34' title="bbox 54 2818 1788 2899; baseline 0.002 -24"><span class='ocrx_word' id='word_1_258' title='bbox 54 2818 234 2891; x_wconf 87' lang='lat' dir='ltr'><em>viam,</em></span> <span class='ocrx_word' id='word_1_259' title='bbox 277 2820 380 2882; x_wconf 91' lang='lat' dir='ltr'><em>ubi</em></span> <span class='ocrx_word' id='word_1_260' title='bbox 420 2821 674 2882; x_wconf 64' lang='lat' dir='ltr'><em>fruetum</em></span> <span class='ocrx_word' id='word_1_261' title='bbox 723 2821 948 2881; x_wconf 89' lang='lat' dir='ltr'><em>nullum</em></span> <span class='ocrx_word' id='word_1_262' title='bbox 988 2819 1254 2899; x_wconf 86' lang='lat' dir='ltr'><em>protulit,</em></span> <span class='ocrx_word' id='word_1_263' title='bbox 1299 2819 1412 2890; x_wconf 86' lang='lat' dir='ltr'><em>sed,</em></span> <span class='ocrx_word' id='word_1_264' title='bbox 1458 2820 1650 2899; x_wconf 88' lang='lat' dir='ltr'><em>quoad</em></span> <span class='ocrx_word' id='word_1_265' title='bbox 1671 2836 1788 2880; x_wconf 91' lang='lat' dir='ltr'><em>ter-</em></span> 
     </span>
     <span class='ocr_line' id='line_1_35' title="bbox 55 2899 1784 2982; baseline 0.002 -25"><span class='ocrx_word' id='word_1_266' title='bbox 55 2917 180 2961; x_wconf 90' lang='lat' dir='ltr'><em>ram</em></span> <span class='ocrx_word' id='word_1_267' title='bbox 227 2899 411 2972; x_wconf 91' lang='lat' dir='ltr'><em>illam,</em></span> <span class='ocrx_word' id='word_1_268' title='bbox 456 2902 652 2963; x_wconf 89' lang='lat' dir='ltr'><em>inutile</em></span> <span class='ocrx_word' id='word_1_269' title='bbox 689 2901 813 2961; x_wconf 85' lang='lat' dir='ltr'><em>fuit.</em></span> <span class='ocrx_word' id='word_1_270' title='bbox 900 2902 1061 2960; x_wconf 86' lang='lat' dir='ltr'><em>Idem</em></span> <span class='ocrx_word' id='word_1_271' title='bbox 1100 2901 1384 2982; x_wconf 86' lang='lat' dir='ltr'><em>(inquam)</em></span> <span class='ocrx_word' id='word_1_272' title='bbox 1424 2901 1613 2959; x_wconf 88' lang='lat' dir='ltr'><em>semen</em></span> <span class='ocrx_word' id='word_1_273' title='bbox 1653 2900 1784 2973; x_wconf 79' lang='lat' dir='ltr'><em>fuit,</em></span> 
     </span>
     <span class='ocr_line' id='line_1_36' title="bbox 52 2979 1788 3071; baseline 0.001 -31"><span class='ocrx_word' id='word_1_274' title='bbox 52 2980 212 3062; x_wconf 90' lang='lat' dir='ltr'><em>quod</em></span> <span class='ocrx_word' id='word_1_275' title='bbox 245 2980 300 3039; x_wconf 89' lang='lat' dir='ltr'><em>in</em></span> <span class='ocrx_word' id='word_1_276' title='bbox 339 2979 489 3042; x_wconf 67' lang='lat' dir='ltr'><em>bona</em></span> <span class='ocrx_word' id='word_1_277' title='bbox 526 2983 677 3059; x_wconf 67' lang='lat' dir='ltr'><em>terra</em></span> <span class='ocrx_word' id='word_1_278' title='bbox 705 2982 1043 3044; x_wconf 89' lang='lat' dir='ltr'><em>seminatum</em></span> <span class='ocrx_word' id='word_1_279' title='bbox 1072 2982 1171 3041; x_wconf 90' lang='lat' dir='ltr'><em>est.</em></span> <span class='ocrx_word' id='word_1_280' title='bbox 1256 2982 1358 3041; x_wconf 84' lang='lat' dir='ltr'><em>Est</em></span> <span class='ocrx_word' id='word_1_281' title='bbox 1387 2982 1564 3060; x_wconf 82' lang='lat' dir='ltr'><em>igitur</em></span> <span class='ocrx_word' id='word_1_282' title='bbox 1602 2981 1788 3071; x_wconf 82' lang='lat' dir='ltr'><em>perse-</em></span> 
     </span>
     <span class='ocr_line' id='line_1_37' title="bbox 53 3060 1789 3136; baseline 0.001 -16"><span class='ocrx_word' id='word_1_283' title='bbox 53 3061 297 3136; x_wconf 77' lang='lat' dir='ltr'><em>cutionis</em></span> <span class='ocrx_word' id='word_1_284' title='bbox 343 3063 437 3122; x_wconf 89' lang='lat' dir='ltr'><em>vel</em></span> <span class='ocrx_word' id='word_1_285' title='bbox 485 3062 869 3124; x_wconf 86' lang='lat' dir='ltr'><em>tribulationis</em></span> <span class='ocrx_word' id='word_1_286' title='bbox 909 3065 1105 3134; x_wconf 85' lang='lat' dir='ltr'><em>timor,</em></span> <span class='ocrx_word' id='word_1_287' title='bbox 1181 3064 1242 3122; x_wconf 86' lang='lat'>&amp;</span> <span class='ocrx_word' id='word_1_288' title='bbox 1282 3061 1505 3123; x_wconf 87' lang='lat' dir='ltr'><em>fallacia</em></span> <span class='ocrx_word' id='word_1_289' title='bbox 1559 3060 1789 3122; x_wconf 73' lang='lat' dir='ltr'><em>divitia-</em></span> 
     </span>
     <span class='ocr_line' id='line_1_38' title="bbox 54 3144 1785 3226; baseline 0.001 -23"><span class='ocrx_word' id='word_1_290' title='bbox 54 3159 205 3214; x_wconf 74' lang='lat' dir='ltr'><em>rum,</em></span> <span class='ocrx_word' id='word_1_291' title='bbox 254 3146 346 3218; x_wconf 88' lang='lat' dir='ltr'><em>(ut</em></span> <span class='ocrx_word' id='word_1_292' title='bbox 373 3144 490 3226; x_wconf 89' lang='lat' dir='ltr'><em>ipse</em></span> <span class='ocrx_word' id='word_1_293' title='bbox 532 3144 789 3204; x_wconf 90' lang='lat' dir='ltr'><em>Christus</em></span> <span class='ocrx_word' id='word_1_294' title='bbox 823 3145 1167 3226; x_wconf 88' lang='lat' dir='ltr'><em>parabolam</em></span> <span class='ocrx_word' id='word_1_295' title='bbox 1197 3145 1628 3225; x_wconf 87' lang='lat' dir='ltr'><em>interpretatur)</em></span> <span class='ocrx_word' id='word_1_296' title='bbox 1655 3160 1785 3222; x_wconf 84' lang='lat' dir='ltr'><em>quae</em></span> 
     </span>
     <span class='ocr_line' id='line_1_39' title="bbox 58 3220 1785 3306; baseline 0.002 -26"><span class='ocrx_word' id='word_1_297' title='bbox 58 3221 407 3306; x_wconf 85' lang='lat' dir='ltr'><em>impediunt,</em></span> <span class='ocrx_word' id='word_1_298' title='bbox 452 3245 571 3304; x_wconf 92' lang='lat' dir='ltr'><em>quo</em></span> <span class='ocrx_word' id='word_1_299' title='bbox 622 3226 808 3286; x_wconf 67' lang='lat' dir='ltr'><em>minus</em></span> <span class='ocrx_word' id='word_1_300' title='bbox 851 3227 1062 3286; x_wconf 87' lang='lat' dir='ltr'><em>crescat</em></span> <span class='ocrx_word' id='word_1_301' title='bbox 1095 3224 1282 3285; x_wconf 88' lang='lat' dir='ltr'><em>semen</em></span> <span class='ocrx_word' id='word_1_302' title='bbox 1312 3225 1367 3283; x_wconf 88' lang='lat' dir='ltr'><em>in</em></span> <span class='ocrx_word' id='word_1_303' title='bbox 1396 3220 1785 3306; x_wconf 83' lang='lat' dir='ltr'><em>plurimorum</em></span> 
     </span>
     <span class='ocr_line' id='line_1_40' title="bbox 58 3303 1785 3388; baseline 0.001 -26"><span class='ocrx_word' id='word_1_304' title='bbox 58 3303 340 3368; x_wconf 77' lang='lat' dir='ltr'><em>cordibus,</em></span> <span class='ocrx_word' id='word_1_305' title='bbox 428 3307 570 3369; x_wconf 91' lang='lat' dir='ltr'><em>Non</em></span> <span class='ocrx_word' id='word_1_306' title='bbox 603 3306 760 3388; x_wconf 87' lang='lat' dir='ltr'><em>quafi</em></span> <span class='ocrx_word' id='word_1_307' title='bbox 806 3306 948 3368; x_wconf 79' lang='lat' dir='ltr'><em>inud</em></span> <span class='ocrx_word' id='word_1_308' title='bbox 1005 3326 1077 3365; x_wconf 84' lang='lat' dir='ltr'><em>ex</em></span> <span class='ocrx_word' id='word_1_309' title='bbox 1126 3308 1325 3368; x_wconf 68' lang='lat' dir='ltr'><em>natura</em></span> <span class='ocrx_word' id='word_1_310' title='bbox 1372 3306 1464 3368; x_wconf 70' lang='lat' dir='ltr'><em>sua</em></span> <span class='ocrx_word' id='word_1_311' title='bbox 1509 3306 1645 3364; x_wconf 87' lang='lat' dir='ltr'><em>effet</em></span> <span class='ocrx_word' id='word_1_312' title='bbox 1701 3306 1785 3364; x_wconf 87' lang='lat' dir='ltr'><em>in-</em></span> 
     </span>
     <span class='ocr_line' id='line_1_41' title="bbox 71 3384 1842 3456; baseline -0.001 -9"><span class='ocrx_word' id='word_1_313' title='bbox 71 3396 103 3415; x_wconf 71' lang='grc'>”</span> <span class='ocrx_word' id='word_1_314' title='bbox 243 3411 247 3414; x_wconf 73' lang='grc'><strong>’</strong></span> <span class='ocrx_word' id='word_1_315' title='bbox 957 3389 1013 3448; x_wconf 88' lang='grc' dir='ltr'><strong>Κ</strong></span> <span class='ocrx_word' id='word_1_316' title='bbox 1061 3407 1093 3446; x_wconf 84' lang='lat'><strong>2</strong></span> <span class='ocrx_word' id='word_1_317' title='bbox 1482 3384 1782 3456; x_wconf 73' lang='lat' dir='ltr'><em>sufficienS,</em></span> <span class='ocrx_word' id='word_1_318' title='bbox 1837 3416 1842 3422; x_wconf 94' lang='lat'>·</span> 
     </span>
    </p>
   </div>
  </div>
 </body>
</html>
