2086 3640
232 107 349 191 ‚34²
479 82 960 145 THESIS
1030 78 1774 141 UNDECIMA.

233 198 291 256 ln
344 216 457 254 non
509 191 734 252 orando
776 190 1011 270 quidem
1055 202 1315 268 peccant,
1380 187 1475 247 sed
1527 186 1693 267 hujus
1752 185 1971 269 peccati

234 276 397 336 causa
426 275 527 343 est,
580 272 738 352 quod
765 292 880 331 non
915 269 1158 349 vigilent
1183 295 1200 335 3
1245 289 1448 328 eorum
1469 268 1649 348 igitur
1675 266 1969 350 negleehls

231 379 351 419 non
388 357 463 416 ab
507 354 610 414 hac
638 353 899 413 doetrina
940 351 1229 431 provenit,
1275 351 1369 410 sed
1398 351 1473 410 ab
1494 370 1699 409 eorum
1729 351 1802 410 ad
1823 352 1971 412 hanc

234 437 560 497 doctrinam
600 434 982 495 inobedientia
1016 459 1034 499 ·‚
1082 432 1122 491 s1
1166 431 1279 491 fine
1317 430 1534 511 Spiritu
1563 447 1819 502 orarent,
1862 432 1973 491 du-

235 519 373 599 plex
410 516 843 576 committerent
872 531 1196 595 peccatum,
1240 513 1301 570 δε
1337 529 1452 572 non
1478 511 1631 571 illius
1671 512 1972 593 praecepti,

237 621 356 679 quo
407 598 686 677 jubentur
727 617 914 668 orare,
979 595 1422 676 implementum
1473 594 1626 664 effet,
1689 613 1874 671 neque
1910 593 1977 652 iis

239 681 407 739 utiles
436 679 626 738 forent
669 678 955 737 orationes
984 697 1187 736 eorum
1209 676 1418 754 absque
1454 674 1671 755 Spiritu
1705 699 1724 742 3
1768 675 1829 733 ὅτ
1859 674 1978 734 hoc

242 762 300 820 in
340 782 400 818 re
449 759 557 819 alia
601 776 893 840 coguntur
935 758 1100 819 fateri
1143 756 1490 822 adversarii;
1534 755 1796 816 officium
1824 755 1979 816 enim

242 841 576 900 Christianis
632 842 968 900 incumbens
1037 841 1332 900 affirmant
1379 838 1488 897 esse
1556 837 1976 897 sacramentum

242 923 425 1003 (quod
461 922 535 982 sic
573 913 1036 1001 vocant)'coenae
1083 921 1410 980 Dominicae
1437 919 1676 978 sumere.
1759 917 1982 977 Dicunt

244 1020 440 1064 tamen
480 1005 765 1066 neminem
829 1003 1058 1083 indigne
1115 1003 1261 1062 illud
1310 1002 1527 1060 sumere
1564 999 1794 1070 debere,
1861 998 1980 1058 imo

245 1087 474 1156 volunt,
541 1085 639 1166 qui
674 1086 727 1144 se
769 1083 1082 1163 imparatos
1125 1083 1393 1150 sentiunt,
1440 1080 1782 1152 abstineant,
1825 1079 1984 1139 ideo-

246 1188 357 1247 que
397 1166 779 1226 communiter
817 1165 957 1225 tales
993 1166 1023 1221 a
1057 1163 1242 1225 mensa
1272 1161 1794 1222 excommunicant.
1876 1160 1984 1221 Li-

246 1264 342 1308 cet
379 1248 556 1328 igitur
586 1247 889 1306 secundum
929 1267 1023 1305 eos
1067 1245 1280 1304 neceffe
1310 1245 1398 1315 lit,
1448 1241 1613 1321 hujus
1649 1241 1986 1303 sacramenti

247 1330 616 1409 participare,
662 1327 1027 1387 neceffarium
1058 1326 1232 1387 etiam
1270 1326 1373 1396 est,
1418 1341 1485 1384 ut
1504 1325 1681 1384 semet
1709 1325 1980 1404 probent,

250 1430 321 1468 ne
363 1408 465 1469 fibi
504 1408 783 1485 judicium
809 1409 1156 1467 manducent
1201 1408 1261 1465 &
1293 1405 1512 1467 bibant.
1597 1405 1680 1466 Et
1726 1405 1990 1484 quamvis

251 1506 555 1570 peccatum
593 1505 798 1568 putent
824 1489 1124 1559 abstinere,
1173 1487 1352 1565 majus
1390 1501 1693 1564 peccatum
1721 1487 1830 1545 esse
1865 1486 1992 1546 abs-

250 1592 364 1652 que
403 1571 509 1630 hac
549 1569 970 1630 examinatione
998 1564 1345 1648 participare
1373 1567 1726 1627 fatebuntur.

337 1656 612 1735 QINTo
654 1653 920 1732 objiciunt,
967 1650 1106 1709 Αὲὶ.
1150 1649 1266 1711 viii.
1313 1668 1406 1708 22.
1452 1647 1552 1708 ubi
1584 1648 1781 1708 Petrus
1791 1651 1990 1727 praeci-

244 1736 333 1813 pit
371 1736 570 1793 Simoni
607 1737 780 1813 Mago
823 1735 978 1810 impio
1015 1731 1102 1791 illi
1138 1731 1447 1800 divinatori,
1493 1741 1555 1789 ut
1591 1742 1788 1789 oraret.
1874 1732 1987 1791 Re-

237 1816 483 1896 spondeo,
557 1813 613 1872 in
645 1815 809 1892 hujus
857 1814 973 1873 loci
1021 1813 1313 1882 citatione,
1380 1828 1446 1870 ut
1491 1809 1638 1890 saepe
1667 1811 1988 1885 observavi,

253 1894 560 1956 adversarii
599 1896 926 1973 frequenter
965 1895 1217 1976 primam
1276 1895 1338 1953 &
1385 1891 1742 1974 praecipuam
1799 1894 1992 1954 versus

255 1993 483 2058 partem
533 1976 833 2045 omittunt,
908 1997 1039 2054 quae
1082 1974 1158 2034 sic
1194 1976 1249 2035 se
1290 1977 1486 2043 habet,
1549 1973 1689 2033 Aet.
1718 1973 1836 2034 viii.
1892 1993 1988 2033 22.

257 2059 634 2119 Paenitentiam
674 2059 850 2135 itaque
889 2078 982 2137 age
1024 2058 1092 2116 ab
1132 2058 1234 2115 hac
1272 2056 1508 2136 nequitid
1553 2053 1675 2125 tud,
1742 2056 1812 2116 δέ
1861 2075 1990 2134 roga

255 2140 455 2209 Deum,
490 2140 541 2216 fi
564 2138 715 2215 fort&
747 2140 1051 2196 remittatur
1089 2138 1185 2196 tibi
1224 2137 1334 2195 hoec
1364 2139 1603 2217 cogitatio
1633 2135 1817 2196 cordis.
1862 2136 1991 2196 Hic

256 2235 454 2281 autem
496 2218 690 2298 primo
717 2216 886 2294 jubet
931 2217 1100 2278 illum
1145 2216 1483 2298 refipiscere,
1530 2217 1770 2277 minima
1798 2232 1992 2276 autem

255 2312 413 2360 veraei
442 2299 796 2380 poenitentiae
834 2300 1093 2358 mensura
1120 2299 1228 2357 effe
1274 2318 1392 2357 non
1422 2298 1612 2378 potest
1653 2292 1860 2377 absque
1889 2298 1994 2358 ali-

259 2381 371 2463 qua
416 2379 824 2440 introverfione
867 2379 964 2439 illa
1007 2379 1202 2451 animi,
1274 2379 1345 2437 de
1386 2401 1500 2460 qua
1549 2378 1868 2460 loquimur,
1932 2379 1998 2438 δε

259 2462 490 2541 quidem
534 2461 635 2520 ubi
683 2460 876 2541 primo
922 2461 992 2520 fit
1031 2482 1167 2519 vera
1211 2460 1574 2540 poenitentia,
1621 2480 1738 2520 non
1766 2458 1996 2520 dubita-

262 2565 410 2614 muS,
458 2542 595 2623 quin
637 2541 818 2602 aderit
851 2541 1114 2622 Spiritus»,
1160 2542 1260 2622 qui
1290 2557 1593 2602 concurret
1633 2542 1773 2601 tales
1813 2540 1890 2601 ad
1930 2562 1996 2600 o-
2074 2583 2075 2586 η

267 2625 514 2685 randum
547 2622 772 2701 juvare.
2068 2619 2079 2631 '¹

343 2706 648 2778 DENIQJE
705 2705 967 2787 objiciunt,
1039 2703 1205 2784 quod
1263 2703 1550 2764 orationes
1591 2702 1816 2776 multae‚
1883 2703 1999 2765 fine

261 2785 479 2865 Spiritu
525 2786 787 2865 inceptae,
850 2786 1104 2845 efficaces
1145 2785 1311 2846 faetae
1358 2786 1508 2858 sunt,
1553 2783 1753 2844 itidem
1782 2786 1844 2845 &
1887 2784 2014 2845 im·

262 2867 496 2949 piorum
552 2866 842 2926 orationes
877 2867 1161 2926 exauditae
1210 2867 1272 2925 &
1318 2865 1695 2947 acceptabiles
1743 2866 2021 2935 fuerunt,

263 2949 408 3008 ficut
452 2947 705 3018 Achabi,
753 2948 866 3008 &a
953 2947 1261 3027 Respondes).
1306 2949 1463 3008 Haec
1491 2963 1656 3007 antea
1674 2947 1998 3006 solvebatur

262 3029 551 3107 objeetio:
595 3050 732 3089 nam
772 3028 985 3088 divinae
1023 3029 1395 3110 indulgentiae
1438 3030 1614 3099 aetus,
1660 3024 1996 3108 quibusdam

263 3111 624 3190 temporibus
651 3111 711 3168 &
749 3110 1086 3189 quibusdam
1123 3110 1370 3191 personis
1399 3110 1473 3168 ad
1497 3109 1803 3190 singulares
1831 3107 1998 3186 quas-

266 3189 404 3248 dam
439 3191 779 3263 occafiones‚
824 3212 940 3251 non
977 3192 1058 3252 est
1089 3192 1288 3271 regula
1324 3191 1614 3250 actionum
1649 3186 1992 3248 nostrarum.

265 3269 325 3335 Si
362 3271 515 3331 enim
543 3274 654 3334 hoc
679 3272 1023 3335 obedientiae
1058 3275 1268 3334 nostrae
1309 3272 1631 3333 mensuram
1658 3267 1989 3340 faceremus,

1779 3369 2009 3429 magna,
