2086 3640
694 77 796 138 De
832 73 1236 155 Justfflcatione.
1723 88 1758 137 ,ἰ
1773 87 1803 148 7
1812 88 1848 147 5

115 194 193 256 ris
224 189 429 251 nullibi
467 188 727 260 inveniri,
758 187 960 249 saltem
1001 186 1198 267 quoad
1234 181 1698 247 observationem
1729 206 1851 247 me·

118 293 234 334 am.
319 272 413 331 Sic
453 271 706 352 primam
741 267 1195 351 propofitionem
1235 265 1478 335 absolvi,
1512 265 1683 346 idque
1718 268 1853 329 bre-

9 386 12 388 ·
114 354 263 423 vitm,
312 353 444 432 quia
481 353 674 424 multi,
738 351 1090 410 affirmantes
1110 350 1256 409 hanc
1302 348 1712 426 imputativam
1748 348 1849 427 ju·

114 433 542 506 stificationem,
586 429 956 495 nihilominus
982 428 1255 501 fatentur,
1306 430 1482 488 etiarn
1502 428 1712 491 decios
1733 451 1848 493 non

103 511 433 594 justificari,
471 515 655 575 donec
682 526 1112 582 convertantur,
1158 510 1218 569 id
1242 511 1344 582 est,
1375 509 1560 569 donec
1594 511 1717 572 haec
1739 512 1851 574 im-

117 596 385 677 putativa
423 594 646 674 justitia
691 593 800 654 illis
845 590 959 655 Dei
1005 591 1224 670 Spiritu
1265 591 1606 672 applicetur.

199 675 333 735 VII.
379 679 496 738 AD
556 675 858 736 secundam
912 672 1092 752 igitur
1146 672 1603 751 propolitionem
1651 674 1848 750 venio,

112 754 344 827 scilicet,
394 757 555 838 quod
609 757 834 817 interno
875 755 986 815 hoc
1026 769 1221 833 parm,
1279 752 1372 811 seu
1419 753 1648 813 Christo
1696 756 1850 819 intus

111 834 370 897 formato
417 841 490 916 (fi
517 841 610 899 hoc
645 838 806 899 verbo
852 839 931 896 uti
969 842 1232 913 oporteat)
1275 834 1588 912 formaliter
1634 834 1847 913 justifi-

107 937 314 979 camur
352 919 410 979 in
450 920 753 1000 conspectu
797 917 925 977 Dei.
1011 917 1156 976 Satis
1191 915 1354 995 supra
1391 920 1480 991 (ut
1511 916 1700 996 spero)
1728 918 1848 978 dixi

110 999 187 1057 ad
220 999 746 1070 demonstrandum,
790 997 988 1079 quanti
1028 997 1267 1057 facimus
1308 1013 1558 1056 mortem
1588 998 1658 1056 δε.
1678 1003 1849 1078 paffi-

109 1100 281 1142 onem
322 1082 552 1154 Christi,
584 1085 719 1144 cum
746 1080 811 1141 ea
839 1079 1195 1139 affirmemus
1227 1079 1288 1138 &
1317 1078 1512 1137 Deum
1542 1096 1844 1156 pacatum,

109 1161 576 1223 &remiffionem
617 1176 992 1243 peccatorum
1032 1159 1300 1231 obtineri,
1345 1159 1407 1216 &
1432 1160 1683 1239 gratiam
1714 1180 1844 1221 eam

109 1242 401 1315 &semem
448 1245 478 1302 ὲ
505 1265 622 1324 quo
663 1244 753 1303 hic
782 1258 979 1324 partus
1021 1241 1310 1322 provenit,
1344 1239 1579 1320 acquiri.
1666 1241 1847 1302 Nunc

110 1323 282 1383 restat
329 1325 719 1404 probandum,
787 1323 946 1405 quod
988 1323 1220 1384 Christo
1280 1322 1356 1382 fic
1404 1322 1459 1382 in
1509 1320 1675 1381 nobis
1722 1321 1846 1386 for-

108 1420 271 1464 mato
308 1404 696 1485 justificamur
743 1404 805 1465 &
843 1402 985 1485 justi
1027 1404 1160 1465 facti
1199 1404 1408 1463 sumus
1494 1403 1845 1466 Notandum

105 1485 210 1557 est,
270 1507 366 1579 me
396 1485 807 1566 justificatione
853 1486 959 1548 hac
996 1506 1108 1567 pro
1149 1486 1542 1566 acceptatione
1589 1484 1704 1544 hoc
1752 1486 1844 1546 lo·

108 1586 182 1626 co
209 1583 313 1627 ut1.

191 1649 416 1708 Panno
448 1648 627 1729 igitur
665 1649 779 1709 hoc
812 1650 1084 1729 probabo
1124 1648 1228 1708 illo
1259 1646 1427 1708 Pauli
1457 1646 1737 1726 Apostoli
1766 1646 1843 1708 ad

109 1728 372 1789 Corinth.
426 1753 448 1790 1
506 1732 644 1790 Cor.
682 1731 759 1789 vi.
808 1752 899 1791 11.
949 1731 1028 1790 Et
1078 1730 1211 1790 tales
1259 1729 1460 1809 quidem
1488 1731 1694 1807 fuistis,
1744 1731 1851 1809 st’d

106 1810 282 1870 abluti
319 1812 456 1887 estis,
504 1811 607 1889 fi’d
632 1812 957 1889 fiznfizficati
990 1813 1126 1888 estis,
1177 1812 1279 1889 st’d
1305 1811 1587 1892 justificati
1624 1812 1740 1885 estis
1780 1816 1841 1872 in

104 1895 312 1951 nomine
337 1893 558 1952 Domini
595 1894 746 1970 Jefit,
793 1894 863 1954 {9³
895 1910 1000 1970 per
1039 1894 1295 1969 Spiritum
1339 1893 1448 1950 Dei
1484 1892 1661 1966 nostri.
1711 1891 1842 1952 Pri-

105 1972 228 2042 mo,
276 1989 510 2053 oportet
542 1971 1015 2052 justificationem
1057 1975 1168 2032 hoc
1198 1973 1329 2031 loco
1352 1971 1595 2051 intelligi
1620 1971 1691 2031 de
1713 1975 1842 2033 effi·-

0 2130 1 2133 ,
102 2052 305 2112 ciendo
335 2053 561 2114 realiter
593 2053 837 2132 justum,
878 2055 939 2112 &
967 2074 1082 2114 non
1103 2053 1292 2112 solum
1322 2053 1392 2111 de
1414 2051 1492 2112 ita
1515 2056 1842 2131 reputando

0 2137 1 2157 ³
100 2147 224 2206 eo'S‚
269 2134 521 2216 alioquin
567 2134 630 2193 δι’
677 2134 1036 2195 ablutionem
1083 2136 1145 2193 &
1186 2133 1693 2195 sanctificationem
1726 2137 1839 2197 im-

102 2214 382 2295 putative,
447 2217 509 2275 ὅτ
555 2237 676 2277 non
725 2217 965 2277 realiter*
996 2216 1395 2297 accipiendum
1453 2218 1609 2286 effer,
1677 2218 1840 2297 quod

99 2314 382 2358 everteret
421 2312 615 2358 totum
665 2300 967 2358 contextus
1021 2298 1278 2378 scopum.
1367 2298 1528 2358 Nam
1572 2299 1841 2377 Aposto-

101 2376 191 2439 lus
232 2379 685 2458 praecedentibus
745 2378 998 2441 verfibus
1035 2381 1354 2450 ostendenS,
1399 2379 1700 2458 quomodo
1749 2379 1836 2438 in-

89 2455 228 2537 justi
285 2479 529 2541 regnum
585 2460 863 2520 caelorum
913 2481 1027 2521 non
1085 2461 1472 2542 poffidebunt,
1532 2460 1832 2533 subsumit,

98 2540 305 2612 dicens,
349 2543 482 2602 tales
508 2543 670 2622 fuiffl’
696 2541 811 2602 illos
842 2543 1120 2622 quondam,
1171 2544 1270 2623 sed
1293 2564 1431 2601 nunc
1466 2541 1690 2610 ablutos,
1716 2541 1832 2603 &a

103 2621 186 2680 Et
231 2622 362 2700 quia
404 2643 554 2683 nunc
591 2623 775 2684 abluti
816 2624 879 2681 &
924 2623 1259 2683 sanctificati
1301 2624 1448 2693 sunt,
1495 2621 1625 2679 ideo
1655 2622 1831 2682 etiam

93 2700 433 2781 justificati:
498 2725 634 2768 nam
684 2703 725 2762 fi
763 2704 888 2763 haec
913 2702 1255 2781 justificatio
1307 2723 1422 2761 non
1464 2703 1600 2762 effet
1641 2705 1827 2775 realiS,

104 2799 241 2848 tunc
281 2783 393 2842 dici
432 2786 636 2863 poffet,
682 2783 1012 2844 Corinthios
1049 2804 1164 2843 non
1201 2784 1491 2844 deseruiffe
1522 2784 1674 2843 mala
1704 2785 1826 2857 illa,

100 2863 193 2922 sed
233 2881 627 2942 permanentes
669 2865 724 2923 in
773 2866 835 2923 iis
869 2864 1171 2943 justificari
1204 2890 1222 2932 ς
1269 2866 1426 2946 quod
1455 2864 1597 2925 ficut
1634 2867 1828 2926 absur-

97 2943 389 3007 diffimum
427 2946 528 3016 est,
590 2946 669 3005 ita
708 2945 1026 3005 luculenter
1066 2946 1303 3027 scopum
1352 2947 1468 3007 loci
1521 2947 1727 3006 evertit
1767 2948 1833 3006 δι’

99 3024 360 3096 destruit,
386 3026 543 3105 quafi
573 3026 868 3086 conversio
892 3027 1331 3089 Corinthiorum
1363 3029 1436 3087 ad
1457 3028 1632 3087 fidem
1659 3029 1828 3087 Chri-

96 3106 337 3166 stianam
374 3108 594 3168 nullam
617 3107 827 3167 realem
855 3107 910 3166 in
935 3108 1201 3170 cordibus
1228 3127 1467 3189 operata
1493 3109 1680 3169 fuisset
1700 3131 1829 3169 mu-

99 3187 401 3259 tationem,
466 3189 558 3247 sed
599 3209 825 3248 merum
866 3190 1136 3250 affensum
1188 3191 1528 3271 quibusdam
1579 3190 1827 3251 notioni-

98 3267 210 3329 bus
262 3267 623 3337 infructiferis
664 3269 725 3335 &
781 3270 1083 3346 sterilibus,
1129 3293 1248 3355 quo
1294 3273 1648 3342 affectiones,
1714 3293 1830 3372 νος

74 3403 100 3439 ,
1580 3356 1823 3416 luntates
