2086 3640
247 123 337 184 De
356 119 627 181 Commun.
650 116 720 181 Β
754 117 963 177 Partic.
988 129 1127 194 corp.
1158 112 1227 175 &¹
1243 113 1398 193 sang.
1419 110 1641 190 Christi.
1726 136 1800 190 41
1818 135 1859 177 τ’

121 226 377 307 quidem,
423 226 584 306 qubd
621 224 738 297 hie,
787 221 1001 284 ficutin
1033 221 1376 302 quibusdam
1406 221 1549 294 aliis,
1599 224 1857 286 multum

124 308 464 387 obstrepunt
504 308 568 369 de
612 309 872 383 constante
909 307 1140 383 consensu
1177 303 1391 380 ecclesia·
1430 305 1500 366 ξεῖ
1524 305 1858 381 Christiano-

120 412 243 450 rum
298 390 460 449 omni
501 405 674 450 aetate
706 413 724 455 ς
769 388 887 459 sed,
935 386 1099 446 ficuti
1145 386 1366 446 traditio
1401 406 1515 446 non
1556 386 1769 447 sufficit
1787 388 1865 447 ad

111 473 282 548 fidem
321 470 751 548 constituendam,
799 468 902 540 ita,
946 469 1005 526 in
1044 468 1151 528 hac
1201 488 1261 527 re
1303 467 1646 547 praesertim,
1691 469 1863 548 parvi

127 554 411 628 mpmenti
454 553 562 612 effe
609 551 802 621 debet,
876 549 1029 629 quia,
1091 550 1267 630 quoad
1302 552 1618 611 ceremonias
1667 549 1742 612 ἔθ’
1763 554 1864 628 fit-

117 637 441 713 perstitiosas
482 636 892 694 ceremoniarum
933 632 1333 710 observationes,
1381 631 1661 711 apostasia
1678 631 1867 711 coepit

131 716 249 775 εἰτὸ
290 716 525 776 inficere
554 716 836 794 ecclesiam,
880 729 947 772 ut
994 733 1065 774 ex
1114 713 1367 794 epistolis
1399 711 1580 773 Pauli
1619 714 1693 775 ad
1741 713 1868 773 Ga-

131 796 274 855 latas
316 798 379 856 &
409 797 767 858 Colofl'enses¹
796 810 1002 876 patet3
1067 816 1252 878 neque
1289 795 1525 874 expedit
1564 795 1732 857 nobis
1767 815 1869 856 eos

130 881 185 936 in
249 880 359 955 istis
399 878 630 951 imitari,
704 884 920 959 quorum
979 880 1250 938 introitum
1299 877 1604 958 tantopere
1653 878 1865 950 doluit,

130 959 426 1040 redarguit
472 956 531 1018 δὲ
597 957 800 1021 restitit
846 960 1186 1042 Apostolus.
1269 959 1382 1018 Sed
1421 958 1462 1016 fi
1500 962 1872 1040 antiquitatem

131 1040 575 1122 respexerimus),
617 1042 938 1102 videbimus
982 1046 1037 1102 in
1082 1042 1283 1103 talibus
1332 1043 1778 1119 observationibus
1798 1043 1871 1103 ἓξ

130 1124 502 1186 traditionibus
543 1123 821 1185 admodum
866 1130 1085 1187 incertos
1134 1124 1203 1185 ξεῖ
1257 1122 1537 1182 mutabiles
1580 1143 1760 1184 eorum
1780 1125 1871 1201 Je-

130 1204 369 1265 culorum
407 1207 634 1266 homines
659 1208 842 1286 fuiffie,
875 1206 968 1267 ,ita
1017 1222 1085 1264 ut
1123 1226 1226 1265 nec
1258 1205 1531 1278 Pontificii
1573 1222 1678 1264 nec
1727 1199 1872 1263 Pro-

132 1288 374 1363 testantes
412 1288 492 1347 ita
532 1287 704 1359 hodie,
751 1305 819 1348 ut
857 1288 980 1348 olim
1015 1287 1122 1359 illi,
1169 1288 1308 1347 hanc
1346 1290 1689 1345 ceremoniam
1717 1306 1874 1346 caencc

133 1368 482 1436 observent3
518 1370 778 1448 parvulis
821 1372 975 1431 enim
1022 1370 1082 1427 &c
1125 1370 1418 1448 infantibus
1460 1390 1578 1427 eam
1627 1367 1876 1427 admini-

133 1449 411 1522 strabant,
484 1452 547 1510 ὅτ
601 1468 876 1532 quatenus
935 1451 1364 1533 apprehendere
1425 1450 1674 1530 poffum,
1720 1451 1878 1531 hujus

134 1532 249 1609 usus
289 1532 350 1590 &
400 1534 666 1612 infantum
693 1534 970 1613 baptismus
1014 1532 1294 1592 coaetanei
1329 1533 1478 1602 sunt,
1526 1530 1665 1590 licet
1694 1529 1876 1593 altera

135 1613 248 1671 viz.
283 1634 450 1673 coena
491 1617 897 1693 parvulorum,
943 1616 1004 1673 δι’
1038 1615 1067 1672 31
1116 1612 1437 1674 Pontificiis
1475 1612 1538 1670 δε
1583 1613 1612 1671 ὲ
1669 1613 1878 1673 Prote-

137 1695 412 1754 stantibus
434 1693 679 1773 abjeffa,
726 1697 873 1755 alter
899 1698 1063 1766 verb,
1091 1695 1407 1774 baptismus
1413 1694 1532 1772 stit.
1565 1691 1876 1767 infantum,

137 1776 213 1835 ab
259 1777 508 1856 utrisque
562 1778 839 1837 tenaciter
877 1791 1108 1838 retentus
1149 1777 1253 1836 fit:
1318 1779 1381 1837 ὅτ
1421 1797 1492 1835 eo
1548 1774 1738 1838 minus
1779 1773 1894 1837 ex-⁴

140 1857 302 1936 pedit
344 1863 654 1938 antiquitati
671 1859 891 1930 cedere,
939 1861 1091 1939 quia,
1142 1858 1181 1915 fi
1210 1879 1388 1918 eorum
1441 1856 1710 1938 religionis
1744 1876 1883 1937 pro-

124 1940 392 2018 fhffionem
443 1940 949 2010 confiderabimUS,
998 1940 1320 2022 praesertim
1369 1941 1542 2021 quoad
1581 1939 1780 2001 cultum
1816 1941 1883 2000 ὅτ

128 2035 346 2099 partem
374 2022 795 2093 ceremonialem,
811 2022 1022 2083 nullam
1050 2023 1200 2082 hodie
1225 2022 1576 2081 inveniemus
1594 2022 1879 2100 ecclefiam,

139 2123 248 2163 nec
292 2104 665 2164 Pontificiam
706 2125 811 2164 nec
863 2105 1311 2176 Prot-estantem,
1359 2124 1490 2183 quae
1535 2125 1651 2164 non
1696 2106 1771 2166 ab
1815 2104 1884 2164 iis

136 2188 192 2245 in
240 2186 506 2266 plerisque
544 2185 794 2267 differat,
855 2202 922 2246 ut
956 2186 1188 2248 Dalleus
1231 2185 1288 2245 in
1331 2187 1454 2257 sUO,
1520 2185 1593 2246 de
1633 2186 1735 2246 usu
1778 2201 1896 2266 pas

135 2283 318 2338 trum,
363 2268 658 2328 volumine
703 2268 854 2328 bene·
887 2260 1165 2330 ‘observaf
1202 2269 1264 2327 &
1292 2267 1671 2329 demonstrat.
1760 2269 1886 2327 Cur

139 2365 336 2407 autem
379 2349 491 2409 hoc
527 2350 693 2408 nobis
717 2351 1037 2409 obtrudant
1058 2364 1279 2428 propter
1300 2354 1636 2430 antiquorum
1647 2352 1882 2428 praxin,

142 2449 288 2510 quos
329 2429 437 2513 ipfi
483 2451 598 2490 non
634 2429 967 2511 sequuntur,
1012 2432 1109 2491 vel
1165 2453 1342 2512 quare
1359 2427 1477 2491 'hoc
1506 2453 1622 2492 non
1653 2429 1887 2510 rejicere

145 2513 441 2591 poffimUS,
489 2511 632 2570 ficut
677 2508 742 2571 δι’
782 2512 867 2571 illi
908 2513 1041 2582 alia,
1090 2514 1156 2573 ab
1199 2517 1516 2594 antiquitate
1555 2534 1656 2572 non
1712 2513 1887 2571 minus

146 2592 381 2673 religiose
427 2594 723 2674 observata,
769 2594 930 2655 nulla.
971 2594 1251 2654 sufficiens
1292 2594 1439 2654 ratio
1487 2592 1756 2674 affignari
1777 2614 1886 2674 po-

145 2674 270 2733 test.
358 2674 501 2734 Non
558 2690 751 2735 tamen
792 2676 1019 2747 dubim,
1067 2676 1200 2756 quin
1230 2675 1512 2755 plerique,
1559 2696 1780 2756 quorum
1801 2679 1886 2735 in-

146 2755 379 2815 tellefft'us
417 2756 679 2832 obscurati
705 2759 937 2835 fuerunt
980 2759 1090 2834 istis
1139 2761 1459 2828 ceremoniis,
1508 2777 1615 2836 per
1664 2757 1884 2817 miseri-

150 2837 410 2895 cordiam
452 2836 563 2896 Dei
595 2838 853 2916 secretum
911 2839 1138 2919 aliquem
1186 2841 1417 2920 mysterii
1456 2838 1663 2916 sensum
1701 2841 1887 2900 habu-

150 2918 318 2988 erint,
364 2917 523 2997 quod
562 2919 821 2979 distinere
862 2921 1183 3000 intelligere
1220 2940 1336 2980 non
1366 2935 1703 3000 potuerunt,
1750 2921 1887 3001 quia·

149 3001 224 3059 ab
267 2998 378 3057 illis
420 2998 678 3059 velatum
710 3017 855 3072 erat,
902 3002 1045 3061 dum
1081 3005 1309 3063 externis
1357 3003 1465 3079 istis
1508 3001 1651 3061 adei>
1692 3002 1889 3062 adhae-

151 3081 378 3151 rebant,
424 3080 488 3138 δε
519 3083 716 3159 secreto
758 3082 851 3142 illo
877 3083 1029 3161 sensu
1069 3083 1424 3163 compunCti,
1477 3079 1621 3143 dum
1663 3088 1718 3144 in
1748 3088 1885 3144 ima—

146 3164 498 3253 ginationibus
539 3163 608 3224 ὃ
656 3165 1179 3243 comprehenfionibus
1217 3168 1563 3246 conjetturam
1612 3163 1884 3235 face-rent,

153 3264 209 3303 in
252 3266 339 3303 eas
375 3243 619 3304 carnales
667 3246 955 3323 sententias
1002 3245 1257 3327 prolapsi
1306 3247 1454 3317 sunt,
1527 3246 1886 3308 existimandi

140 3326 490 3416 substantiam
529 3331 691 3404 panis
726 3326 1215 3406 tranfitbstantiari,
1261 3328 1356 3389 vel
1391 3326 1745 3407 substantiam
1774 3352 1886 3389 cor-

1382 3446 1387 3453 ‹
1738 3429 1889 3492 poris
