2086 3640
269 132 345 200 72
577 108 1052 177 THESIS
1121 109 1659 191 QUARTA.

269 222 552 288 Dominus
625 217 803 298 paulo
857 216 987 298 post
1052 215 1343 295 exprimit.
1383 235 1505 293 cap.
1559 217 1676 277 viii.
1716 238 1837 280 ver.
1886 242 1984 285 21.
2058 292 2061 295 ᾗ

257 306 515 386 quamvis
537 302 852 380 figmentum
909 297 1076 358 cordis
1125 299 1373 356 hominis·
1409 295 1610 354 malum
1673 300 1741 359 ab
1795 302 1990 383 adoles-
2078 331 2086 348 -·

272 385 464 452 centici,
537 402 671 460 quo,
735 380 926 456 quam'
949 376 1204 450 naturale
1234 378 1296 435 δι
1337 376 1566 436 inlitum
1610 378 1694 438 illi
1730 378 1821 452 fit,
1889 405 1992 464 ap-
2081 453 2086 462 ι

273 478 442 546 paret
470 485 488 519 .·
553 482 622 522 ex
667 460 871 539 quibus
910 458 986 518 fic
1027 473 1421 537 argumentor.
2076 467 2086 535 j

356 544 394 599 S
417 562 439 598 1
486 541 864 621 cogitationes
891 540 1085 601 cordis
1110 538 1338 599 humani
1367 559 1487 597 non
1520 538 1710 602 solum
1739 556 1997 604 tantum-
2077 538 2086 605 ἶ

274 622 462 685 modo
501 623 668 683 malae
710 621 854 692 sunt,
899 621 994 680 sed
1034 622 1095 679 ὅτ.
1127 619 1578 698 omnitempore
1620 622 1809 694 malae,
1860 639 2002 684 tunc

275 719 343 762 ut
385 701 416 759 a
462 703 636 763 corde
682 703 783 760 suo
830 702 1194 782 proveniunt,
1239 719 1344 758 nec
1380 701 1796 779 aliquantulum
1827 705 2001 764 bonae
2072 708 2086 762 2

275 784 421 853 sunt,
447 805 550 843 nec
579 783 770 863 aliquo
789 798 1084 864 ternpore:
1128 781 1238 840 Sed
1259 779 1414 860 prius
1442 780 1524 840 est
1548 801 1790 843 verum:
1834 784 2002 865 Ergo
2068 847 2071 851 ,

276 865 338 923 &
387 865 683 942 posterius;
1880 891 1885 896 -

362 945 467 1005 ET
515 945 741 1005 iterum.
826 946 883 1006 Si
934 942 1308 1023 cogitationes
1353 941 1599 1001 hominis
1636 943 1765 1003 sunt
1805 964 2004 1004 omnes

279 1025 342 1084 &
369 1026 530 1086 omni
568 1043 835 1106 tempore
885 1025 1053 1086 rnalae
1088 1048 1106 1090 ·,
1150 1039 1288 1082 tunc
1315 1020 1536 1082 inutiles
1571 1023 1633 1082 &
1704 1025 1891 1084 torsus
1919 1026 2002 1084 in-
2060 1079 2063 1081 ,

279 1108 542 1167 efficaces
585 1109 712 1168 sunt
759 1108 815 1166 in
862 1109 1028 1168 rebus
1058 1104 1213 1163 Dei:
1282 1103 1379 1163 sed
1425 1104 1580 1184 prius
1625 1125 1657 1164 e
1753 1125 1956 1167 verum
1987 1111 2074 1164 :ss

282 1188 448 1266 Ergo
483 1189 545 1247 &
582 1188 875 1268 posterius
1381 1203 1383 1206 ·
2082 1209 2086 1216 ·

367 1271 688 1339 SECUNDO,
755 1270 866 1330 hoc
926 1269 1101 1327 etiarn
1145 1265 1460 1327 luculenter
1500 1282 1743 1347 apparet
1782 1287 1854 1329 ex
1906 1267 2011 1328 illo

283 1349 599 1430 ,Prophetae
658 1351 926 1430 Jeremiae
972 1349 1107 1408 xvii.
1140 1367 1195 1425 9.
1242 1346 1661 1408 Fraudulentum
1715 1369 1805 1409 cor
1844 1351 2008 1429 ipsum
2075 1382 2082 1421 t

269 1433 443 1510 fitpra
499 1434 694 1502 omnia,
773 1432 840 1492 ἑά
897 1433 1223 1508 mortiferum
1265 1431 1334 1506 est
1361 1451 1382 1486 .-
1450 1428 1574 1508 quis
1628 1428 1802 1502 enirn,
1873 1450 2009 1491 cum
2049 1460 2061 1492 ⁷.

283 1511 471 1590 aliqua
517 1512 748 1570 rationis
797 1511 999 1590 specie,
1045 1526 1344 1568 autumare
1385 1509 1594 1587 potest,
1640 1510 1754 1570 tale
1790 1530 1896 1571 cor
1939 1532 2012 1571 ex
2050 1527 2074 1574 J

284 1592 341 1651 se
390 1592 598 1651 habere
636 1591 998 1671 potestatem,
1064 1605 1164 1648 aut
1205 1588 1609 1669 aptitudinem,
1667 1591 1762 1651 vel
1808 1607 2012 1672 aptum
2074 1644 2081 1651 ,.

286 1672 396 1731 effe
425 1673 721 1732 hominem
755 1671 830 1731 ad
868 1670 1149 1747 justitiam
1175 1670 1548 1750 perducendi,
1593 1669 1683 1731 cui
1730 1671 1915 1753 ipsum
1940 1693 2012 1734 ex
2070 1693 2084 1715 ·

286 1753 490 1812 natur-21
528 1752 620 1813 sua
664 1768 784 1813 tam
827 1749 1165 1832 oppofitum
1212 1751 1342 1810 est?
1388 1750 1536 1811 Hoc
1571 1770 1687 1812 non
1716 1752 1903 1814 minus
1924 1773 2014 1814 ra·
2048 1755 2077 1790 ,·

287 1833 432 1894 tioni
470 1833 824 1894 contrarium
888 1833 989 1902 est,
1054 1831 1231 1910 quam
1279 1832 1338 1892 in
1387 1831 1590 1892 natura
1643 1831 2009 1914 impoffibile,
2052 1832 2056 1884 Ῑ
2079 1831 2086 1906 J

287 1914 446 1994 quod
482 1915 624 1995 lapis
671 1936 739 1974 ex
779 1913 870 1974 sua
900 1912 1123 1983 natura,
1167 1912 1228 1971 ὅτ
1278 1913 1523 1992 proprio
1550 1930 1717 1975 motu
1745 1915 1803 1975 in
1822 1916 2011 1976 aerem
2063 1987 2068 2000 ι

288 1996 500 2065 evolet,
543 1997 604 2054 &
642 1995 941 2055 ascendat:
999 2014 1134 2053 nam
1173 1992 1316 2053 ficut
1362 1993 1504 2073 lapis
1550 2015 1623 2055 ex
1662 1995 1864 2058 natura
1918 1997 2012 2057 sua
2070 2004 2081 2027 '³

289 2075 365 2135 ad
408 2076 591 2137 imum
620 2076 873 2146 inclinat,
916 2075 976 2134 &
1009 2074 1081 2133 ad
1103 2075 1658 2154 centrum'proclivis
1683 2074 2010 2144 descendit3
2078 2090 2082 2096 '

291 2156 368 2215 sic
425 2175 526 2217 cor
574 2156 825 2218 hominis
872 2154 1207 2216 naturaliter
1235 2175 1487 2234 pronum
1533 2157 1597 2216 δι
1632 2157 1894 2237 proclive
1933 2158 2016 2219 est
2068 2205 2069 2211 κ

289 2237 367 2298 ad
408 2238 646 2298 malum.
732 2236 826 2298 Ex
855 2237 1060 2317 quibus
1090 2234 1165 2293 fic
1193 2236 1367 2296 etiam
1396 2251 1793 2316 argumentor.
1972 2300 1979 2311 ,
2041 2243 2058 2258 ”

374 2322 566 2396 QUOD
607 2318 1036 2377 fraudulentum
1073 2317 1239 2397 supra
1284 2316 1482 2378 omnia
1536 2318 1598 2377 &
1652 2317 2045 2382 mortiferum

291 2399 392 2469 est,
439 2400 551 2460 hoc
587 2418 690 2458 nec
723 2415 926 2478 aptum
968 2398 1070 2469 est,
1116 2419 1220 2458 nec
1249 2414 1452 2478 potens
1484 2397 1782 2462 hominem
1803 2403 2041 2481 guber-3⁴·

291 2500 428 2540 nare
470 2480 527 2540 in
580 2481 749 2539 rebus
796 2479 954 2539 bonis
997 2479 1059 2536 &
1115 2478 1355 2538 honestis
1379 2499 1404 2537 ε’
1463 2480 1576 2539 Sed
1623 2499 1724 2542 cor
1766 2481 2016 2543 hominis

289 2562 407 2622 tale
450 2561 548 2620 est.
634 2559 820 2638 Erg0.
867 2559 1077 2618 Paulus
1120 2576 1314 2618 autem
1356 2559 1695 2638 Apostolus,
1740 2561 1798 2624 in
1826 2563 2086 2643 Epistaffl

289 2642 367 2701 ad
413 2643 592 2704 Rom.
643 2661 769 2720 cap.
807 2640 882 2699 iii.
912 2660 1033 2699 ver.
1099 2659 1189 2699 10.
1234 2640 1442 2699 statum
1477 2640 1720 2704 hominis
1758 2643 1816 2703 in
1855 2645 1989 2724 laps
2051 2692 2054 2699 .
2085 2642 2086 2647 '

290 2722 546 2801 copiose,
593 2720 737 2782 ficut
774 2742 844 2783 ex
879 2720 1086 2780 Psalm.
1117 2736 1460 2792 extraxerat,
1504 2722 1767 2783 describit
1789 2745 1827 2786 :r
1865 2726 2023 2807 Qu<

288 2823 393 2863 non
441 2808 517 2861 est
549 2804 720 2883 justus
783 2802 1068 2882 quisquam,
1129 2822 1229 2864 non
1283 2806 1357 2861 efz‘
1406 2803 1716 2884 intelligens,
1780 2826 1882 2867 non
1936 2828 1987 2866 e
2012 2821 2025 2853 'f'

288 2888 559 2964 requirens
594 2885 769 2943 Deum
802 2909 820 2948 3
866 2905 1033 2942 omnes
1066 2882 1418 2954 declindrunt‚
1447 2885 1620 2961 stmul
1649 2887 1857 2948 inutiles
1868 2889 1933 2967 f
1963 2883 2042 2946 ‘ff

272 2965 424 3042 sunt,
469 2985 570 3023 non
598 2968 674 3023 eff
701 2968 789 3044 qui
809 2966 991 3042 faciat
1021 2965 1228 3034 bonum,
1274 2986 1374 3025 non
1407 2971 1482 3026 est
1509 2969 1660 3046 usque
1697 2967 1774 3027 ad
1803 2988 1963 3031 urum
1983 2977 2051 3026 ³:³¹

273 3045 614 3123 sepulchrum
659 3058 848 3123 patens
879 3049 954 3104 est
983 3058 1172 3124 guttur
1213 3067 1409 3116 eorum,
1472 3047 1661 3128 linguis
1687 3049 1800 3125 ficis
1845 3047 2039 3114 dolosa?

252 3124 254 3126 ’
288 3127 531 3204 agebant,
576 3147 830 3186 venenum
878 3125 1110 3203 aspidum
1141 3127 1243 3205 fitb
1283 3127 1440 3201 labiis
1477 3150 1672 3198 eorum,
1715 3141 1931 3207 quorum
1957 3149 2019 3206 os²

246 3209 250 3214 ’
290 3205 648 3265 maledifftione
690 3208 757 3268 &³³
808 3207 1161 3268 amaritudine
1186 3207 1401 3287 plenum
1433 3213 1525 3268 est.
1613 3206 1812 3268 Veloces
1855 3209 1998 3285 pede>

283 3305 466 3347 torum
506 3286 580 3344 ad
618 3287 984 3362 effundendum
1015 3289 1340 3372 sanguinem,
1404 3289 1640 3355 contritio
1682 3289 1751 3358 ἐφ’
1789 3290 2010 3374 infelici-
