2086 3640
178 82 267 142 De
293 74 584 153 universali
594 72 680 135 ἶς’
694 69 976 152 salutifhro
1007 68 1201 132 lumine
1218 72 1347 151 Jesu
1375 71 1588 150 Christi.
1660 0 1832 150 105·

58 181 390 245 invincibile
432 177 710 246 redditur,
757 177 871 235 hoc
900 177 1078 236 modo
1111 202 1129 244 3
1192 178 1373 259 Qod
1409 176 1780 261 unusquisque

65 281 288 326 tenetur
337 259 584 329 credere,
650 256 795 315 illud
834 256 915 315 est
948 278 1149 319 verum
1182 279 1196 316 t
1259 259 1370 317 Sed
1414 258 1781 339 unusquisque

31 358 35 362 '
65 361 289 405 tenetur
326 340 549 401 credere
580 337 772 396 Deum
812 335 914 395 fibi
952 338 1372 397 misericordem
1400 341 1550 398 effe:
1595 339 1780 419 Ergo,

10 445 15 448 ·
63 426 241 486 Hanc
270 419 710 500 assumptionem
751 437 923 476 nemo
953 438 1159 496 negare
1200 419 1406 497 potest,
1466 441 1647 499 quum
1675 418 1784 479 mi·-

63 503 363 566 sericordia
403 502 473 560 sit
524 499 691 579 super
739 499 933 557 omnia
976 518 1152 575 opera
1205 497 1322 577 ejus
1362 524 1381 567 3
1450 503 1514 560 δε
1561 500 1617 561 in
1671 500 1786 560 hoc

65 586 361 666 Scriptura
395 580 609 659 ubique
656 578 909 638 declarat
945 577 1389 639 misericordiam
1427 580 1559 652 Dei,
1624 581 1786 660 quod

75 681 401 746 peccatores
448 662 520 723 ad
549 658 951 741 poenitentiam
999 657 1203 718 invitet
1248 660 1310 717 &
1337 677 1528 732 vocet,
1572 662 1637 720 δε
1676 663 1786 722 illis

63 746 254 807 salutis
300 745 456 804 viam
490 741 724 822 aperiat.
810 739 901 798 Sic
944 739 1207 820 quamvis
1258 741 1349 799 hic
1395 762 1512 800 non
1560 758 1786 802 tenetur

68 827 295 887 credere
337 824 547 885 Christi
579 820 909 892 historiam,
969 840 1142 899 quam
1192 840 1483 898 nunquam
1540 823 1784 895 audivit,

67 929 172 979 nec
219 907 364 974 scit·,
409 922 603 965 tamen
645 918 868 962 tenetur
909 901 1135 960 credere
1172 899 1294 960 fore
1324 902 1516 962 Deum
1555 903 1659 964 fibi
1682 907 1790 966 mi·-

26 997 29 999 ’
67 989 429 1057 sericordem,
475 986 516 1043 fi
558 985 679 1044 vias
722 983 837 1061 ejus
879 981 1165 1062 sequatur,
1233 983 1294 1041 δε
1333 985 1524 1044 Deum
1579 985 1636 1044 in
1678 987 1790 1048 hoc

73 1069 158 1129 illi
195 1067 612 1129 misericordem
667 1066 803 1137 effe,
855 1064 1013 1144 quod
1055 1065 1364 1144 redarguat
1402 1066 1473 1123 de
1502 1066 1677 1136 male,
1727 1070 1792 1127 &

71 1151 147 1210 ad
183 1153 403 1212 bonurn
459 1162 707 1208 moveat.
744 1207 746 1210 ,
794 1146 999 1224 Neque
1061 1145 1211 1205 ullus
1242 1182 1245 1187 ›
1277 1161 1501 1206 tenetur
1562 1148 1793 1209 credere

73 1231 266 1291 Deum
306 1229 411 1290 fibi
442 1250 556 1289 non
583 1228 690 1288 esse
719 1225 1162 1303 misericordem,
1206 1226 1300 1287 vel
1337 1229 1413 1288 ab
1451 1227 1612 1286 initio
1641 1249 1793 1307 prae-

70 1311 346 1370 ordinasse
392 1309 556 1369 illurn
613 1307 669 1368 in
721 1306 1000 1367 mundum
1029 1307 1242 1379 venire,
1302 1325 1390 1380 ut,
1454 1309 1560 1382 suis
1599 1311 1792 1389 pravis

70 1391 527 1451 inclinationibus
571 1389 892 1460 dereliEtuS,
936 1389 997 1447 δε
1036 1389 1191 1450 mala
1229 1405 1582 1470 perpetranS,
1634 1392 1796 1471 quasi

73 1473 268 1534 medio
309 1473 338 1530 a
361 1473 488 1532 Deo
522 1470 805 1542 institutO,
847 1469 920 1531 ad
960 1488 1234 1531 aeternam
1259 1469 1795 1534 condemnationem

0 1567 1 1570 ’
72 1554 314 1614 ducatur
344 1575 358 1612 ε
421 1552 579 1632 quod
615 1551 655 1610 fi
692 1572 895 1610 verum
934 1553 1088 1622 esset,
1148 1573 1263 1611 non
1293 1553 1485 1623 video,
1547 1572 1650 1611 cur
1676 1573 1795 1614 non

74 1637 272 1695 liceret
318 1633 488 1693 alicui
542 1633 770 1692 credere
806 1631 971 1702 illud,
1017 1633 1174 1710 quod
1219 1654 1425 1692 verum
1472 1633 1568 1694 est.

158 1718 355 1775 S1cuT
401 1734 474 1773 ex
517 1733 576 1772 re
616 1711 730 1792 ipffi
776 1712 1092 1771 luculenter
1136 1729 1396 1792 apparet,
1456 1714 1796 1791 excellentes

76 1797 176 1856 has
204 1796 265 1855 δε
307 1796 555 1875 optimas
590 1791 1008 1872 consequentias
1058 1815 1128 1853 ex
1170 1794 1330 1871 hujus
1372 1795 1648 1855 doctrinae
1677 1797 1795 1856 fide

77 1878 365 1957 pendere;
424 1876 525 1946 ita,
590 1896 661 1934 ex
703 1874 982 1954 ampliore
1025 1874 1140 1952 ejus
1191 1876 1552 1954 probatione,
1599 1878 1795 1956 postea

76 1958 262 2038 magis
283 1954 603 2037 apparebit,
683 1955 794 2013 Sed
821 1972 1125 2035 antequam
1163 1957 1236 2016 ad
1268 1978 1395 2016 eam
1417 1958 1666 2028 veniam,
1699 1980 1795 2018 ne-

79 2039 373 2098 cessarium
405 2038 484 2096 est
527 2035 600 2095 de
627 2035 775 2096 statu
805 2036 1207 2097 controversiae
1248 2038 1514 2118 quaedam
1543 2038 1795 2119 praefari,

79 2119 242 2199 quod
296 2117 552 2180 nonnihil
595 2117 823 2178 luminis
859 2117 1022 2177 nobis
1062 2118 1280 2178 adferet
1310 2140 1323 2177 ε
1383 2141 1516 2179 nam
1547 2142 1617 2180 ex
1646 2121 1795 2180 statu

78 2198 509 2271 controverfiae,
554 2219 671 2258 non
700 2199 853 2257 refre
898 2198 1217 2271 intellestae,
1265 2201 1336 2260 fit
1379 2201 1600 2282 saepius‚
1645 2202 1799 2262 ut&

81 2297 422 2362 argumenta
450 2302 519 2340 ex
543 2280 675 2351 unzi,
720 2280 781 2338 &
802 2280 1145 2359 objeffiones
1187 2303 1257 2342 ex
1278 2282 1453 2343 altera
1488 2299 1651 2364 parte
1686 2283 1798 2342 fre-

82 2378 320 2443 quenter
347 2362 719 2432 adducantur,
764 2381 894 2440 quae
923 2362 1146 2440 prorsus
1167 2380 1327 2423 extra
1351 2364 1801 2425 controversiam

81 2444 226 2503 sunt.
311 2445 452 2503 Hoc
482 2441 658 2502 modo
678 2440 852 2501 etiam
879 2441 1054 2501 sensus
1074 2444 1134 2503 &
1161 2444 1429 2506 sententia
1459 2446 1650 2505 nostra
1680 2466 1800 2507 rna-

81 2524 170 2606 gis
214 2524 472 2584 distinete
514 2524 576 2584 &
624 2522 776 2582 clare
817 2522 1168 2605 intelligetur
1208 2526 1268 2585 &
1295 2528 1598 2606 aperietur.

164 2605 303 2666 XII.
350 2606 597 2677 PRIMO,
629 2624 732 2684 per
761 2604 910 2665 hunc
930 2605 1082 2665 diem
1110 2607 1170 2666 &
1192 2622 1416 2686 tempus
1442 2607 1800 2678 vifitationiS,

80 2685 242 2764 ‘quod
285 2686 477 2748 Deum
522 2685 787 2747 omnibus
814 2684 1109 2765 impertire
1135 2687 1399 2759 dicimus,
1443 2710 1560 2768 quo
1596 2689 1827 2749 servari

87 2766 454 2846 unusquisque
465 2769 777 2851 posfit,non
796 2765 1166 2847 intelligimus
1183 2783 1367 2828 totam
1384 2769 1809 2850 uniuscujusque

88 2845 335 2905 hominis
350 2847 553 2918 vitam,
574 2849 708 2907 licet
726 2847 1064 2926 quibusdam
1082 2849 1417 2909 extendatur
1432 2851 1603 2911 etiam
1627 2852 1699 2912 ad
1720 2853 1807 2932 ip-

87 2928 207 2986 sam
240 2927 442 2986 mortis
470 2928 694 3000 horam,
734 2945 801 2987 ut
840 2927 898 2986 in
935 2930 1205 3009 exemplo
1234 2931 1566 3009 poenitentis
1583 2932 1720 2992 furis
1750 2934 1808 2992 in

86 3022 255 3069 cruce
276 3007 531 3068 converfi
551 3025 791 3089 apparet
813 3029 828 3066 ε
876 3007 969 3067 sed
990 3009 1103 3070 tale
1123 3023 1349 3091 tempus
1369 3013 1667 3084 duntaxat,
1689 3034 1807 3094 quo

83 3088 214 3155 satis
260 3106 600 3150 exoneratur
629 3090 784 3163 Deus
827 3110 859 3148 a
898 3088 1253 3170 singulorum
1289 3094 1804 3162 condemnatione;

85 3168 242 3251 quod
257 3168 594 3249 quibusdam
614 3168 950 3240 diuturniuS,
970 3173 1307 3251 quibusdam
1331 3176 1557 3235 brevius
1573 3176 1679 3236 effe
1700 3196 1807 3257 po-

92 3249 216 3326 test,
277 3251 415 3312 ficut
434 3251 562 3311 Deo
579 3251 882 3313 secundum
906 3251 1236 3335 sapientiam
1252 3255 1410 3316 suam
1427 3256 1675 3318 videtur.
1717 3258 1809 3323 Ita

1746 3352 1812 3400 ut
