2086 3640
198 67 319 138 406
436 66 812 129 THESIS
864 63 1309 153 DECIMA
1354 62 1770 124 TERTIA

199 169 386 248 quam
421 168 631 239 dicere,
677 169 1058 248 quotiescunque
1105 171 1335 228 Romam
1373 170 1490 241 ibis,
1536 171 1735 231 videbis
1775 170 1940 250 Capi-

201 249 408 320 tolium,
457 248 639 310 innuit
677 263 1021 328 praeceptum,
1072 266 1136 308 ut
1163 251 1232 309 eo
1263 251 1448 322 adeaS,
1537 251 1719 330 Qod
1747 269 1941 311 autem

204 331 498 410 postrema
540 331 720 390 verba
758 344 1001 409 urgeant,
1035 328 1162 390 hinc
1185 350 1482 412 arguentes
1513 336 1943 392 continuationem

206 413 362 492 hujus
422 414 718 472 ceremonioe
774 412 882 472 esse
942 413 1111 493 usque
1162 413 1236 472 ad
1296 413 1495 490 Christi
1555 414 1842 473 adventum
1884 417 1942 473 in

207 496 686 571 confitmmationem
713 493 895 571 seculi.
938 529 940 532 >
971 495 1125 572 Resp.
1160 495 1284 554 Hic
1303 494 1440 554 duas
1465 495 1784 576 praecipuas
1807 513 1949 553 con-

209 573 504 634 troverfiae
531 590 738 654 *partes
775 591 979 655 petunt
1024 576 1231 655 absque
1268 575 1635 655 probatione.
1723 574 1949 644 Primo,

211 653 370 734 quod
403 658 840 748 [quotiescunque]
863 656 1060 718 innuat
1087 672 1428 736 pra’ceptum.
1487 655 1769 728 Secundo,
1793 655 1952 735 quod

214 737 297 795 hic
338 737 614 798 adventus.
640 737 998 818 intelligatur
1053 739 1122 798 de
1150 752 1360 799 externo
1387 741 1447 799 &
1496 752 1723 806 extremo
1752 738 1955 814 Christi

217 817 471 889 adventu,
535 819 606 881 &
655 842 755 879 non
794 820 856 880 de
907 823 1111 880 interno
1150 843 1266 893 exus
1309 822 1375 883 &⁹
1404 822 1685 900 spirituali
1737 820 1813 880 ad
1836 819 1956 898 filos

219 899 452 960 adventu
474 924 493 958 .·
538 900 663 959 haec
685 900 1013 961 adversariis
1050 901 1350 982 probanda
1375 904 1605 972 restant,
1627 903 1764 961 eum
1789 903 1961 980 Apo-

220 980 397 1040 stolus
455 981 600 1040 bene
670 982 732 1061 de
788 985 988 1043 interno
1031 987 1133 1063 ejus
1185 985 1415 1044 adventu
1465 983 1623 1063 loqui
1681 980 1959 1063 potuerit,

221 1081 399 1140 quem
455 1061 686 1122 fortasse
723 1063 958 1143 quidam
1022 1087 1093 1125 ex
1148 1065 1212 1124 iis
1255 1066 1580 1126 carnalibus
1624 1060 1960 1132 CorinthiiS,

223 1142 323 1220 qui
372 1143 507 1203 ebrii
533 1144 796 1205 solebant
839 1147 1161 1216 convenire,
1211 1147 1396 1206 adhuc
1420 1168 1539 1206 non
1569 1146 1963 1209 attinuerant;

223 1224 307 1294 δε,
354 1226 490 1283 cum
534 1225 630 1286 alii
666 1225 815 1285 inter
846 1247 942 1285 eos
984 1228 1263 1289 imbecilles
1283 1229 1478 1299 essent,
1523 1229 1584 1286 ὅτ
1614 1229 1839 1288 externis
1870 1244 1965 1283 cce--

226 1307 468 1365 remoniis
507 1306 800 1365 adhaerere
838 1307 1197 1379 inclinarent,
1244 1329 1356 1388 pro
1397 1326 1664 1388 tempore
1705 1305 1967 1386 Aposto-

228 1386 334 1455 lus,
381 1386 444 1443 &z
499 1386 674 1465 etiam
713 1387 770 1456 ii,
840 1389 940 1466 qui
982 1390 1406 1468 cognoscebant
1448 1389 1661 1450 Christi
1707 1388 1968 1467 spiritua-

233 1467 350 1525 lem
393 1466 731 1537 adventum,
778 1468 888 1526 illis
912 1468 1295 1547 indulgebant
1324 1470 1489 1541 (ficut
1518 1472 1579 1528 &
1616 1472 1672 1530 in
1713 1469 1857 1538 aliis,
1902 1468 1974 1524 de

229 1546 436 1628 quibus
456 1545 664 1628 ,postea
707 1547 951 1626 dicetur)
979 1549 1075 1606 sed
1112 1550 1429 1629 praesertim
1465 1551 1698 1617 PauluS,
1742 1548 1839 1627 qui
1867 1548 1976 1606 im-

236 1627 541 1689 becillibus
563 1628 866 1692 imbecillis
885 1629 1066 1688 faetus
1095 1631 1197 1701 est,
1233 1628 1293 1688 δὲ
1323 1631 1516 1690 omnia
1538 1629 1827 1700 omnibuS,
1863 1630 1980 1692 &a

232 1709 506 1777 Per-mitti
547 1726 741 1769 autem
775 1709 970 1790 potuit
991 1711 1154 1788 hujus
1186 1713 1526 1772 ceremoniae
1564 1712 1690 1773 usus
1712 1709 1978 1791 imbecil-
2059 1719 2066 1786 j

235 1791 383 1852 libus
426 1789 536 1850 illis
577 1791 638 1849 &
667 1791 992 1852 carnalibus
1028 1794 1339 1853 Corinthiis
1382 1795 1458 1853 ad
1479 1792 1980 1854 commemorandam

236 1873 438 1949 Christi
484 1886 718 1943 mortem,
779 1873 937 1933 donec
996 1877 1050 1935 in
1090 1876 1202 1937 illis
1245 1890 1569 1957 exurgeret3
1636 1875 1771 1935 licet
1819 1873 1974 1934 enim
2055 1877 2066 1890 ‘'

238 1953 450 2013 talibus
499 1974 642 2034 opus
674 1953 743 2012 fit
779 1958 1027 2027 externis,
1092 1972 1158 2016 ut
1187 1957 1398 2016 Christi
1438 1974 1691 2016 mortem
1721 1976 1982 2015 comme-

239 2050 472 2095 morent
504 2057 521 2099 ς
566 2036 664 2113 qui
687 2051 881 2094 autem
912 2057 1044 2096 cum
1077 2037 1309 2096 Christo
1331 2039 1556 2098 mortui
1591 2039 1738 2108 sunt,
1785 2049 1840 2101 δι’.
1864 2057 1982 2096 non

241 2113 421 2176 modo
473 2114 712 2187 mortui,
758 2117 852 2174 sed
879 2116 1105 2196 sepulti,
1155 2119 1365 2199 quique
1394 2120 1566 2185 etiam
1602 2139 1735 2178 cum
1767 2118 1872 2179 illo
1896 2139 1984 2178 -re-
2058 2117 2086 2155 Γ

241 2195 624 2265 surrexerunt,
671 2218 785 2257 non
816 2218 960 2277 opus
997 2199 1211 2259 habent
1251 2202 1358 2277 istis
1384 2203 1573 2280 fignis,
1622 2215 1688 2260 ut
1727 2221 1987 2259 comme-
2058 2182 2076 2250 ἶ

247 2292 478 2338 morent
506 2297 663 2348 eum,
708 2277 951 2356 ideoque
979 2280 1235 2351 adltales
1281 2281 1360 2340 ait
1397 2282 1742 2361 Apostolus,
1789 2280 1985 2342 Colos.
2050 2312 2052 2314 ·

242 2357 316 2417 iii.
376 2380 425 2418 1.
471 2359 531 2417 Si
581 2360 967 2436 consurrexistis
1003 2383 1118 2421 cum
1160 2363 1386 2439 Christo,
1433 2386 1551 2443 quae
1589 2364 1795 2444 sursum
1829 2365 1980 2442 ficnt,

245 2442 484 2520 quaerite,
530 2440 622 2500 ubi
649 2441 893 2519 Christus
933 2443 1002 2519 est
1040 2446 1095 2503 in
1136 2444 1357 2504 dextera
1402 2447 1593 2504 Patris
1620 2444 1802 2524 sedens
1828 2467 1849 2502 .·
1890 2445 1988 2506 sed

243 2521 409 2601 panis
455 2520 514 2577 δε
557 2519 756 2582 vinum
785 2543 902 2583 non
943 2524 1070 2584 sunt
1105 2545 1192 2595 ea,
1264 2547 1396 2605 quae
1446 2527 1662 2586 sursum
1697 2527 1846 2597 sunt,
1893 2527 1990 2587 sed
2083 2530 2086 2534 ’

241 2622 377 2682 quae
417 2600 682 2662 deorsum
744 2604 890 2675 sunt,
956 2606 1175 2685 quippe
1222 2622 1461 2666 terrena.
1547 2608 1655 2668 Sed
1698 2607 1854 2691 quod
1903 2609 1990 2669 in·

246 2698 411 2761 tegra
456 2682 580 2741 haec
623 2686 922 2744 transa&io
970 2685 1145 2746 fuerit
1182 2708 1340 2748 mera
1373 2689 1653 2767 Apostoli
1691 2689 1993 2771 indulgen·
2044 2726 2046 2728 ·

248 2761 326 2822 tia
372 2762 751 2824 imbecillibus
782 2765 842 2824 &
866 2768 1186 2837 carnalibus
1217 2769 1552 2841 CorinthiiS,
1597 2771 1785 2831 adhuc
1816 2771 1991 2832 fufius
2013 2767 2025 2842 ]

246 2858 411 2983 {atet
453 2843 512 2926 in
551 2843 829 2906 versione
877 2849 1130 2928 Syriaca,
1198 2864 1348 2929 quae,
1414 2862 1535 2910 ver.
1591 2870 1682 2931 17.
1726 2853 1870 2913 dum
1915 2849 1994 2912 ad*

291 2944 396 2984 ane
418 2925 720 2985 materiam
751 2930 1034 3007 pervenit,
1080 2930 1158 2990 fic
1187 2932 1384 3003 habet,
1429 2933 1463 2965 ἦ
1495 2933 1613 2991 Hoe
1639 2948 1815 2998 autem
1854 2932 1993 3014 quod

239 3018 603 3095 praecepturus
637 3007 780 3089 ficui,
845 3031 948 3072 non
983 3012 1094 3074 dico
1135 3027 1391 3095 tanquam
1433 3014 1660 3076 laudans
1699 3021 1831 3086 vos,
1860 3016 1984 3093 quia

1879 3115 1983 3156 non

315 3283 350 3319 ²*
381 3283 522 3357 Qod.
547 3287 688 3358 etiam
714 3288 776 3346 fic
801 3290 855 3352 fl!
886 3274 1032 3340 habet·
1054 3293 1104 3344 in
1144 3294 1318 3347 caet‘eris
1357 3293 1622 3355 verfionibus
1665 3290 1972 3357 orientalibus,

251 3347 461 3409 Arabica
483 3346 590 3412 scil.
618 3347 666 3398 δ’
705 3352 1003 3417 AEthiopica'.
