2086 3640
252 73 372 131 452
457 43 744 116 ενΗ-Εε
773 50 870 113 rs
909 24 973 114 D
1001 52 1058 112 E
1086 48 1395 113 CJMA
1430 47 1860 132 QUINTA.

251 162 429 220 etiam
465 177 650 243 patet,
694 159 828 239 quia
875 157 1064 216 servos
1107 160 1171 220 δε
1214 156 1595 217 mendicantes
1623 156 1997 239 lingularitei'

253 240 628 322 alloquuntur
660 265 679 307 ς
740 240 994 318 itemque
1031 237 1087 298 in
1121 237 1480 298 orationibus
1527 236 1601 298 ad
1644 237 1837 300 Deum
1877 239 1989 301 fin-

253 323 447 402 gulari
489 336 730 382 utuntur
777 330 1063 379 numero}
1133 318 1195 378 &
1240 317 1504 398 superior
1541 317 1870 380 inferiorem
1907 321 1990 383 ita

255 402 432 463 etiarn
473 401 695 484 alloqui
735 401 895 472 solet,
940 399 1036 460 sed
1073 420 1188 460 non
1217 399 1434 479 patitur
1477 398 1754 480 superior,
1796 417 1866 461 ut
1901 401 1990 462 in·

253 482 432 543 ferior
478 503 612 543 eum
659 481 900 567 viciffim
948 481 1029 542 ita
1065 480 1418 560 alloquatur,
1463 500 1600 540 nam
1625 480 1686 541 id
1720 481 1990 543 dedecori

254 561 364 624 fibi
408 564 518 625 effe
561 578 867 632 autumat3
909 562 974 623 δε
1009 560 1086 622 fic
1129 562 1322 622 Deum
1362 561 1424 621 &
1458 561 1783 623 mendicum
1822 562 1993 625 inea-

252 644 390 706 dem
434 643 731 726 categoria
768 643 1071 706 hominum
1091 642 1355 724 superbia
1401 641 1605 723 posuit.
1651 646 1992 726 Argumen-

254 725 329 787 tis
370 747 488 788 non
547 746 692 807 opus
754 726 863 787 effe
899 726 1119 797 censeo,
1183 723 1258 784 ad
1309 723 1680 804 probandum
1737 727 1825 799 iis,
1890 726 1992 808 qui

254 823 675 886 congruentem
729 806 1048 867 sermonem
1113 806 1484 886 cognoscunt,
1555 825 1661 866 nos
1716 805 1992 888 singulari

257 909 501 949 numero
549 885 625 948 ad
667 884 979 967 fingulares
1018 887 1105 948 uti
1151 887 1380 957 debere,
1454 887 1616 968 quod
1646 887 1710 948 ὅτ
1757 907 1862 968 per
1898 904 1996 950 to-

259 984 379 1029 tam
421 969 783 1049 Scripturam
843 969 1167 1028 communis
1204 967 1474 1028 dialestus
1518 966 1622 1040 est,
1686 988 1862 1047 quam
1911 969 1993 1031 ita

253 1050 431 1109 etiam
478 1050 747 1131 vulgares
776 1048 1110 1130 interpretes
1151 1049 1613 1129 interpretantur.
1699 1049 1899 1111 cumi
1945 1051 1993 1111 i-

254 1145 355 1190 tur
391 1131 559 1191 nobis
606 1146 824 1211 pateat,
884 1130 1202 1191 formulam
1240 1129 1428 1210 istam,
1500 1129 1805 1210 pluraliter
1845 1131 1993 1193 alo-

255 1212 466 1290 quendi
503 1212 789 1282 homineS,
834 1231 905 1272 ex
923 1212 1184 1291 superbia
1214 1211 1552 1292 provenisse,
1573 1211 1834 1290 adeoque
1854 1233 1992 1275 cum

252 1292 557 1353 mendacio
605 1291 970 1370 conjunctam
1011 1293 1143 1364 effe,
1208 1292 1376 1354 nobis
1416 1293 1631 1352 necesse
1678 1291 1790 1353 fuit
1852 1314 1993 1355 con-

255 1388 348 1434 tra
395 1374 542 1433 hanc
587 1372 1020 1452 corruptionem
1066 1372 1281 1443 testari,
1346 1372 1620 1453 fingulari
1681 1373 1756 1432 ad
1794 1394 1995 1436 omnes

254 1454 555 1535 aequaliter
590 1453 850 1519 utendo·,
894 1453 956 1512 &
997 1453 1132 1513 licet
1179 1454 1339 1513 nulla
1388 1451 1538 1513 ratio
1574 1455 1840 1533 aflignari
1860 1457 1991 1535 pos-

255 1534 347 1606 fit,
393 1555 570 1615 quare
617 1534 713 1593 alii
760 1552 864 1595 nos
911 1531 976 1592 ea
1025 1533 1099 1593 de
1141 1533 1304 1594 causa
1345 1534 1773 1614 persequantur,
1837 1555 1993 1616 prae-

249 1614 446 1676 sertim
496 1613 824 1686 Christiani,
871 1613 969 1694 qui
997 1613 1313 1694 Scripturae
1343 1615 1634 1695 regulam,
1679 1615 1837 1693 cujus
1866 1617 1995 1678 haec

251 1696 336 1756 est
384 1696 683 1768 dialectus‚
728 1695 883 1776 sequi
918 1693 972 1754 se
1020 1696 1393 1776 profitentur,
1440 1695 1771 1758 incredibile
1799 1713 1994 1761 tamen

245 1776 485 1839 sortass'e
520 1778 697 1848 foret,
762 1775 807 1835 fi
865 1775 1141 1848 dicerem,
1213 1780 1498 1857 quantum
1541 1777 1650 1839 hac
1707 1778 1781 1839 de
1827 1779 1996 1840 causi

251 1861 394 1938 pasfi
417 1859 628 1930 sumuS,
671 1858 733 1917 &
760 1857 1059 1938 quomodo
1085 1857 1310 1939 superbi
1347 1859 1431 1919 illi
1446 1858 1668 1930 furunt,
1713 1859 1991 1934 fremunt,

249 1941 314 1998 δε
353 1940 550 2000 dentes
595 1939 850 2010 strident,
893 1937 1220 2020 frequenter
1246 1942 1610 2002 verberando
1638 1941 1703 2000 &
1721 1963 1826 2004 nos
1854 1963 1994 2004 con-

250 2019 543 2093 cutiendo,
604 2040 784 2100 quum
824 2039 927 2078 eos
968 2020 1080 2080 hoc
1124 2019 1303 2080 modo
1341 2020 1708 2103 singulariter
1745 2024 1996 2106 alloqui·

251 2121 408 2173 mur,
468 2121 587 2182 quo
645 2102 703 2162 in
744 2099 1016 2161 sententia
1046 2100 1254 2161 ‘nostra
1296 2118 1369 2162 eo
1418 2102 1604 2184 magis
1661 2105 1994 2167 confirmati

248 2182 463 2254 sumuS,
526 2182 686 2263 quod
717 2180 1032 2253 videamuS,
1104 2182 1218 2257 hoc
1259 2183 1516 2244 veritatis
1567 2183 1988 2260 testimonium,

250 2264 412 2344 quod
451 2282 556 2342 per
595 2261 791 2322 omnia
829 2262 997 2324 nobis
1031 2262 1191 2322 dedit
1231 2262 1390 2323 Deus
1429 2264 1600 2336 ferre,
1645 2265 1791 2327 adeo
1822 2283 1991 2330 natu·

248 2365 381 2406 ram
421 2343 803 2424 serpentinam
842 2343 899 2403 in
930 2342 1062 2403 filiis
1106 2344 1475 2405 tenebrarum
1524 2366 1750 2407 vexare.

331 2425 438 2486 VI.
482 2426 795 2486 Saeuuno.
842 2423 1190 2485 Proximum
1239 2425 1324 2484 his
1361 2426 1539 2487 titulis
1566 2427 1648 2488 est
1675 2428 1857 2490 altera
1887 2429 1989 2494 illa

251 2506 484 2568 honoris
524 2526 680 2586 parS,
724 2504 834 2588 quai
877 2521 1123 2566 utuntur
1163 2505 1471 2568 Christiani
1519 2512 1576 2569 in
1617 2509 1987 2591 geniculando,

239 2587 633 2668 prosternenda,
698 2598 758 2654 &t
799 2587 1079 2665 aperiendo
1117 2601 1277 2665 caput
1320 2589 1395 2648 ad
1445 2588 1695 2651 invicem
1736 2591 1795 2652 in
1843 2592 1992 2654 salu·

250 2670 562 2731 rationibus
599 2668 751 2736 suis;
808 2668 1020 2730 Nescio
1057 2667 1199 2748 quid
1225 2669 1476 2731 habeant
1503 2671 1826 2745 adversarii,
1870 2694 1990 2754 quo

246 2753 427 2814 semet
465 2750 525 2810 in
547 2750 634 2817 ¹his
651 2747 993 2828 justificent,
1035 2749 1139 2810 nifi
1178 2751 1444 2832 exempla
1488 2753 1760 2832 quaedam
1802 2775 1868 2815 ex
1893 2775 1989 2816 ve-

245 2838 351 2895 teri
394 2833 691 2908 testamento
744 2831 1013 2903 deducta,
1079 2832 1142 2891 δι’,
1180 2853 1372 2893 morem
1414 2837 1702 2895 nationum.
1787 2835 1991 2898 Prima

246 2914 377 2975 sunt
416 2914 664 2973 Abrahae
692 2911 769 2972 ad
794 2912 942 2988 filios
965 2912 1114 2974 Heth
1149 2912 1490 2985 incurvatio,
1533 2915 1597 2974 &
1618 2917 1747 2977 Loti
1766 2916 1844 2977 ad
1865 2916 1986 2978 An·
2080 2911 2083 2925 ²

242 2995 405 3076 gelos,
450 2994 604 3054 ἅτε.-
643 2993 777 3065 Sed,
843 2997 980 3055 cum
1038 2995 1137 3054 has
1180 2995 1651 3058 Patriarchar'um
1709 2997 1984 3069 aelioneS,
2079 3012 2081 3019 '

251 3090 318 3134 ut
356 3095 444 3134 res
483 3073 691 3156 gestaS,
762 3094 879 3134 non
918 3090 986 3135 ut
1032 3075 1144 3136 fint
1178 3075 1350 3136 nobis
1399 3078 1624 3158 regula,
1687 3077 1987 3157 Scriptura

249 3154 479 3225 referat,
543 3174 660 3215 non
720 3155 995 3215 debemus
1051 3155 1180 3217 illos
1226 3157 1286 3216 in
1341 3160 1612 3226 omnibus
1665 3156 1986 3221 aetionibus

252 3234 489 3314 imitari,
534 3236 669 3304 licet
704 3236 1065 3327 particularis
1110 3257 1313 3309 earum
1361 3238 1724 3326 reprehensio
1742 3257 1861 3384 1ιὲιέ
1879 3239 1984 3299 ad-

1863 3333 1983 3382 tur-¹
