<?xml version="1.0" encoding="UTF-8"?>
<!DOCTYPE html PUBLIC "-//W3C//DTD XHTML 1.0 Transitional//EN"
    "http://www.w3.org/TR/xhtml1/DTD/xhtml1-transitional.dtd">
<html xmlns="http://www.w3.org/1999/xhtml" xml:lang="en" lang="en">
 <head>
  <title>
</title>
<meta http-equiv="Content-Type" content="text/html;charset=utf-8" />
  <meta name='ocr-system' content='tesseract 3.04.00' />
  <meta name='ocr-capabilities' content='ocr_page ocr_carea ocr_par ocr_line ocrx_word'/>
</head>
<body>
  <div class='ocr_page' id='page_1' title='image "./theologiaeverech00barcuoft_0155.png"; bbox 0 0 2086 3640; ppageno 0'>
   <div class='ocr_carea' id='block_1_1' title="bbox 239 44 1811 132">
    <p class='ocr_par' dir='ltr' id='par_1_1' title="bbox 239 44 1811 132">
     <span class='ocr_line' id='line_1_1' title="bbox 239 44 1811 132; baseline 0 -22"><span class='ocrx_word' id='word_1_1' title='bbox 239 48 330 110; x_wconf 87' lang='lat' dir='ltr'><strong>De</strong></span> <span class='ocrx_word' id='word_1_2' title='bbox 354 44 649 129; x_wconf 84' lang='lat' dir='ltr'><strong>universali</strong></span> <span class='ocrx_word' id='word_1_3' title='bbox 670 45 740 110; x_wconf 75' lang='lat'><strong>&amp;²</strong></span> <span class='ocrx_word' id='word_1_4' title='bbox 753 45 1037 127; x_wconf 59' lang='lat' dir='ltr'><strong>salutifero</strong></span> <span class='ocrx_word' id='word_1_5' title='bbox 1052 47 1251 110; x_wconf 86' lang='lat' dir='ltr'><strong>lumine</strong></span> <span class='ocrx_word' id='word_1_6' title='bbox 1274 50 1405 131; x_wconf 71' lang='lat' dir='ltr'><strong>Jelic</strong></span> <span class='ocrx_word' id='word_1_7' title='bbox 1425 51 1642 130; x_wconf 80' lang='lat' dir='ltr'><strong>Christi.</strong></span> <span class='ocrx_word' id='word_1_8' title='bbox 1694 71 1719 112; x_wconf 92' lang='lat'>1</span> <span class='ocrx_word' id='word_1_9' title='bbox 1733 70 1811 132; x_wconf 85' lang='lat'><strong>27</strong></span> 
     </span>
    </p>
   </div>
   <div class='ocr_carea' id='block_1_2' title="bbox 43 153 1821 3398">
    <p class='ocr_par' dir='ltr' id='par_1_2' title="bbox 43 153 1821 3398">
     <span class='ocr_line' id='line_1_2' title="bbox 90 153 1814 227; baseline 0 -10"><span class='ocrx_word' id='word_1_10' title='bbox 90 156 335 227; x_wconf 82' lang='lat' dir='ltr'><em>bulamus</em></span> <span class='ocrx_word' id='word_1_11' title='bbox 371 176 488 215; x_wconf 87' lang='lat' dir='ltr'><strong>cum</strong></span> <span class='ocrx_word' id='word_1_12' title='bbox 522 154 624 216; x_wconf 22' lang='lat' dir='ltr'><strong>*illo</strong></span> <span class='ocrx_word' id='word_1_13' title='bbox 659 157 716 216; x_wconf 85' lang='lat' dir='ltr'><strong>in</strong></span> <span class='ocrx_word' id='word_1_14' title='bbox 763 153 876 213; x_wconf 84' lang='lat' dir='ltr'><strong>luce</strong></span> <span class='ocrx_word' id='word_1_15' title='bbox 919 155 1005 225; x_wconf 75' lang='lat' dir='ltr'><strong>ed,</strong></span> <span class='ocrx_word' id='word_1_16' title='bbox 1047 160 1449 219; x_wconf 85' lang='lat' dir='ltr'><em>communionem</em></span> <span class='ocrx_word' id='word_1_17' title='bbox 1489 158 1564 219; x_wconf 87' lang='lat' dir='ltr'><strong>ad</strong></span> <span class='ocrx_word' id='word_1_18' title='bbox 1587 161 1814 220; x_wconf 81' lang='lat' dir='ltr'><strong>invicem</strong></span> 
     </span>
     <span class='ocr_line' id='line_1_3' title="bbox 90 235 1814 320; baseline 0.002 -24"><span class='ocrx_word' id='word_1_19' title='bbox 90 239 366 304; x_wconf 61' lang='lat' dir='ltr'><strong>habemur,</strong></span> <span class='ocrx_word' id='word_1_20' title='bbox 412 238 481 299; x_wconf 81' lang='lat'><em>&amp;</em></span> <span class='ocrx_word' id='word_1_21' title='bbox 507 238 726 319; x_wconf 86' lang='lat' dir='ltr'><em>sanguis</em></span> <span class='ocrx_word' id='word_1_22' title='bbox 766 235 896 314; x_wconf 78' lang='lat' dir='ltr'><strong>Jefic</strong></span> <span class='ocrx_word' id='word_1_23' title='bbox 935 236 1139 314; x_wconf 78' lang='lat' dir='ltr'><em>Christi</em></span> <span class='ocrx_word' id='word_1_24' title='bbox 1161 238 1279 313; x_wconf 82' lang='lat' dir='ltr'><strong>filii</strong></span> <span class='ocrx_word' id='word_1_25' title='bbox 1315 242 1421 320; x_wconf 88' lang='lat' dir='ltr'><strong>ejus</strong></span> <span class='ocrx_word' id='word_1_26' title='bbox 1460 240 1704 302; x_wconf 87' lang='lat' dir='ltr'><strong>emundat</strong></span> <span class='ocrx_word' id='word_1_27' title='bbox 1721 261 1814 300; x_wconf 89' lang='lat' dir='ltr'><strong>nos</strong></span> 
     </span>
     <span class='ocr_line' id='line_1_4' title="bbox 65 316 1815 402; baseline 0.002 -24"><span class='ocrx_word' id='word_1_28' title='bbox 65 320 161 379; x_wconf 80' lang='lat' dir='ltr'><strong>&#39;ab</strong></span> <span class='ocrx_word' id='word_1_29' title='bbox 203 322 342 380; x_wconf 85' lang='lat' dir='ltr'><strong>omni</strong></span> <span class='ocrx_word' id='word_1_30' title='bbox 375 332 605 397; x_wconf 84' lang='lat' dir='ltr'><strong>peccato.</strong></span> <span class='ocrx_word' id='word_1_31' title='bbox 655 339 680 376; x_wconf 93' lang='lat'>1</span> <span class='ocrx_word' id='word_1_32' title='bbox 729 316 939 393; x_wconf 86' lang='lat' dir='ltr'><strong>Johan.</strong></span> <span class='ocrx_word' id='word_1_33' title='bbox 983 316 1020 375; x_wconf 89' lang='lat' dir='ltr'><strong>i.</strong></span> <span class='ocrx_word' id='word_1_34' title='bbox 1066 335 1122 395; x_wconf 93' lang='lat'><strong>7.</strong></span> <span class='ocrx_word' id='word_1_35' title='bbox 1185 319 1467 392; x_wconf 69' lang='lat' dir='ltr'><strong>Secundo,</strong></span> <span class='ocrx_word' id='word_1_36' title='bbox 1510 322 1670 402; x_wconf 85' lang='lat' dir='ltr'><strong>quod</strong></span> <span class='ocrx_word' id='word_1_37' title='bbox 1702 323 1815 382; x_wconf 79' lang='lat' dir='ltr'><strong>hoec</strong></span> 
     </span>
     <span class='ocr_line' id='line_1_5' title="bbox 43 396 1813 482; baseline 0.004 -25"><span class='ocrx_word' id='word_1_38' title='bbox 43 417 46 420; x_wconf 53' lang='lat'><em>⁴</em></span> <span class='ocrx_word' id='word_1_39' title='bbox 90 399 189 460; x_wconf 86' lang='lat' dir='ltr'><strong>lux</strong></span> <span class='ocrx_word' id='word_1_40' title='bbox 237 405 293 462; x_wconf 89' lang='lat' dir='ltr'><strong>in</strong></span> <span class='ocrx_word' id='word_1_41' title='bbox 338 401 560 461; x_wconf 88' lang='lat' dir='ltr'><strong>tenebris</strong></span> <span class='ocrx_word' id='word_1_42' title='bbox 599 397 755 467; x_wconf 84' lang='lat' dir='ltr'><strong>lucet,</strong></span> <span class='ocrx_word' id='word_1_43' title='bbox 800 396 918 456; x_wconf 86' lang='lat' dir='ltr'><strong>licet</strong></span> <span class='ocrx_word' id='word_1_44' title='bbox 936 400 1160 459; x_wconf 69' lang='lat' dir='ltr'><strong>tenebrae</strong></span> <span class='ocrx_word' id='word_1_45' title='bbox 1199 421 1316 459; x_wconf 84' lang='lat' dir='ltr'><strong>eam</strong></span> <span class='ocrx_word' id='word_1_46' title='bbox 1354 423 1456 462; x_wconf 91' lang='lat' dir='ltr'><strong>non</strong></span> <span class='ocrx_word' id='word_1_47' title='bbox 1484 404 1813 482; x_wconf 83' lang='lat' dir='ltr'><strong>comprehen-</strong></span> 
     </span>
     <span class='ocr_line' id='line_1_6' title="bbox 89 476 1815 557; baseline 0.002 -16"><span class='ocrx_word' id='word_1_48' title='bbox 89 482 238 542; x_wconf 85' lang='lat' dir='ltr'><em>dant.</em></span> <span class='ocrx_word' id='word_1_49' title='bbox 322 482 405 540; x_wconf 84' lang='lat' dir='ltr'><strong>Et</strong></span> <span class='ocrx_word' id='word_1_50' title='bbox 437 478 632 549; x_wconf 74' lang='lat' dir='ltr'><strong>tertio,</strong></span> <span class='ocrx_word' id='word_1_51' title='bbox 675 476 833 557; x_wconf 90' lang='lat' dir='ltr'><strong>quod</strong></span> <span class='ocrx_word' id='word_1_52' title='bbox 879 478 990 537; x_wconf 79' lang='lat' dir='ltr'><strong>haec</strong></span> <span class='ocrx_word' id='word_1_53' title='bbox 1024 479 1120 539; x_wconf 84' lang='lat' dir='ltr'><strong>lux</strong></span> <span class='ocrx_word' id='word_1_54' title='bbox 1155 501 1293 540; x_wconf 85' lang='lat' dir='ltr'><strong>vera</strong></span> <span class='ocrx_word' id='word_1_55' title='bbox 1329 482 1592 543; x_wconf 83' lang='lat' dir='ltr'><strong>illuminet</strong></span> <span class='ocrx_word' id='word_1_56' title='bbox 1616 507 1815 547; x_wconf 87' lang='lat' dir='ltr'><strong>omnem</strong></span> 
     </span>
     <span class='ocr_line' id='line_1_7' title="bbox 90 558 1816 648; baseline 0.005 -27"><span class='ocrx_word' id='word_1_57' title='bbox 90 564 345 623; x_wconf 84' lang='lat' dir='ltr'><strong>hominem</strong></span> <span class='ocrx_word' id='word_1_58' title='bbox 388 564 676 625; x_wconf 76' lang='lat' dir='ltr'><strong>venientem</strong></span> <span class='ocrx_word' id='word_1_59' title='bbox 712 562 769 618; x_wconf 90' lang='lat' dir='ltr'><strong>in</strong></span> <span class='ocrx_word' id='word_1_60' title='bbox 823 558 1115 628; x_wconf 79' lang='lat' dir='ltr'><strong>mundum3</strong></span> <span class='ocrx_word' id='word_1_61' title='bbox 1158 580 1277 641; x_wconf 89' lang='lat' dir='ltr'><strong>quo</strong></span> <span class='ocrx_word' id='word_1_62' title='bbox 1328 562 1460 625; x_wconf 92' lang='lat' dir='ltr'><strong>loco</strong></span> <span class='ocrx_word' id='word_1_63' title='bbox 1491 566 1816 648; x_wconf 85' lang='lat' dir='ltr'><strong>Apostolus</strong></span> 
     </span>
     <span class='ocr_line' id='line_1_8' title="bbox 86 639 1815 721; baseline 0.005 -19"><span class='ocrx_word' id='word_1_64' title='bbox 86 643 286 702; x_wconf 84' lang='lat' dir='ltr'><strong>divino</strong></span> <span class='ocrx_word' id='word_1_65' title='bbox 340 641 556 721; x_wconf 89' lang='lat' dir='ltr'>Spiritu</span> <span class='ocrx_word' id='word_1_66' title='bbox 603 639 807 700; x_wconf 64' lang='lat' dir='ltr'><strong>ductus</strong></span> <span class='ocrx_word' id='word_1_67' title='bbox 860 656 1069 703; x_wconf 51' lang='lat' dir='ltr'><strong>eorum¹</strong></span> <span class='ocrx_word' id='word_1_68' title='bbox 1127 642 1554 708; x_wconf 83' lang='lat' dir='ltr'>cavillationem</span> <span class='ocrx_word' id='word_1_69' title='bbox 1610 647 1815 720; x_wconf 87' lang='lat' dir='ltr'><strong>evitat,</strong></span> 
     </span>
     <span class='ocr_line' id='line_1_9' title="bbox 88 722 1814 808; baseline 0.004 -26"><span class='ocrx_word' id='word_1_70' title='bbox 88 723 190 803; x_wconf 90' lang='lat' dir='ltr'><strong>qui</strong></span> <span class='ocrx_word' id='word_1_71' title='bbox 229 738 390 783; x_wconf 90' lang='lat' dir='ltr'><strong>certo</strong></span> <span class='ocrx_word' id='word_1_72' title='bbox 434 722 663 782; x_wconf 86' lang='lat' dir='ltr'><strong>cuidam</strong></span> <span class='ocrx_word' id='word_1_73' title='bbox 707 741 953 782; x_wconf 87' lang='lat' dir='ltr'><strong>numero</strong></span> <span class='ocrx_word' id='word_1_74' title='bbox 1004 722 1150 783; x_wconf 86' lang='lat' dir='ltr'><strong>hanc</strong></span> <span class='ocrx_word' id='word_1_75' title='bbox 1205 723 1686 808; x_wconf 56' lang='lat' dir='ltr'><strong>illuminationem</strong></span> <span class='ocrx_word' id='word_1_76' title='bbox 1727 751 1814 790; x_wconf 85' lang='lat' dir='ltr'><strong>re-</strong></span> 
     </span>
     <span class='ocr_line' id='line_1_10' title="bbox 88 803 1812 888; baseline 0.002 -22"><span class='ocrx_word' id='word_1_77' title='bbox 88 803 461 888; x_wconf 88' lang='lat' dir='ltr'><strong>stringerent:</strong></span> <span class='ocrx_word' id='word_1_78' title='bbox 531 803 633 864; x_wconf 92' lang='lat' dir='ltr'><strong>ubi</strong></span> <span class='ocrx_word' id='word_1_79' title='bbox 675 823 875 864; x_wconf 89' lang='lat' dir='ltr'><strong>omnes</strong></span> <span class='ocrx_word' id='word_1_80' title='bbox 911 804 1064 876; x_wconf 78' lang='lat' dir='ltr'><strong>sunt,</strong></span> <span class='ocrx_word' id='word_1_81' title='bbox 1130 804 1213 865; x_wconf 91' lang='lat' dir='ltr'><strong>ibi</strong></span> <span class='ocrx_word' id='word_1_82' title='bbox 1247 826 1421 867; x_wconf 91' lang='lat' dir='ltr'><strong>nemo</strong></span> <span class='ocrx_word' id='word_1_83' title='bbox 1469 811 1812 870; x_wconf 82' lang='lat' dir='ltr'><strong>excluditur.</strong></span> 
     </span>
     <span class='ocr_line' id='line_1_11' title="bbox 89 884 1818 967; baseline 0.002 -19"><span class='ocrx_word' id='word_1_84' title='bbox 89 887 399 959; x_wconf 82' lang='lat' dir='ltr'><strong>Praeterea,</strong></span> <span class='ocrx_word' id='word_1_85' title='bbox 442 885 580 946; x_wconf 89' lang='lat' dir='ltr'><strong>licet</strong></span> <span class='ocrx_word' id='word_1_86' title='bbox 622 885 703 946; x_wconf 83' lang='lat' dir='ltr'><strong>ita</strong></span> <span class='ocrx_word' id='word_1_87' title='bbox 741 885 1012 948; x_wconf 86' lang='lat' dir='ltr'><strong>obstinati</strong></span> <span class='ocrx_word' id='word_1_88' title='bbox 1044 884 1257 948; x_wconf 88' lang='lat' dir='ltr'><strong>fuerint</strong></span> <span class='ocrx_word' id='word_1_89' title='bbox 1293 891 1818 967; x_wconf 80' lang='lat' dir='ltr'><strong>(quemadmodum</strong></span> 
     </span>
     <span class='ocr_line' id='line_1_12' title="bbox 88 967 1817 1049; baseline 0.002 -21"><span class='ocrx_word' id='word_1_90' title='bbox 88 967 399 1048; x_wconf 83' lang='lat' dir='ltr'><strong>aliquando</strong></span> <span class='ocrx_word' id='word_1_91' title='bbox 435 967 586 1047; x_wconf 90' lang='lat' dir='ltr'><strong>sunt)</strong></span> <span class='ocrx_word' id='word_1_92' title='bbox 633 982 700 1026; x_wconf 92' lang='lat' dir='ltr'><strong>ut</strong></span> <span class='ocrx_word' id='word_1_93' title='bbox 754 971 892 1049; x_wconf 83' lang='lat' dir='ltr'><strong>[per</strong></span> <span class='ocrx_word' id='word_1_94' title='bbox 935 970 1146 1046; x_wconf 87' lang='lat' dir='ltr'><strong>omnes]</strong></span> <span class='ocrx_word' id='word_1_95' title='bbox 1197 988 1396 1030; x_wconf 91' lang='lat' dir='ltr'><strong>omnes</strong></span> <span class='ocrx_word' id='word_1_96' title='bbox 1437 971 1647 1032; x_wconf 68' lang='lat' dir='ltr'><strong>eleetos</strong></span> <span class='ocrx_word' id='word_1_97' title='bbox 1688 989 1817 1032; x_wconf 85' lang='lat' dir='ltr'><strong>tan-</strong></span> 
     </span>
     <span class='ocr_line' id='line_1_13' title="bbox 90 1048 1813 1132; baseline 0.001 -22"><span class='ocrx_word' id='word_1_98' title='bbox 90 1050 402 1110; x_wconf 90' lang='lat' dir='ltr'><strong>tummodo</strong></span> <span class='ocrx_word' id='word_1_99' title='bbox 440 1048 684 1128; x_wconf 84' lang='lat' dir='ltr'><strong>intelligi</strong></span> <span class='ocrx_word' id='word_1_100' title='bbox 715 1048 1097 1110; x_wconf 86' lang='lat' dir='ltr'>contendant:</span> <span class='ocrx_word' id='word_1_101' title='bbox 1144 1049 1269 1109; x_wconf 88' lang='lat' dir='ltr'><strong>haec</strong></span> <span class='ocrx_word' id='word_1_102' title='bbox 1308 1054 1489 1112; x_wconf 82' lang='lat' dir='ltr'><strong>verba</strong></span> <span class='ocrx_word' id='word_1_103' title='bbox 1505 1053 1813 1132; x_wconf 84' lang='lat' dir='ltr'><strong>sequentia,</strong></span> 
     </span>
     <span class='ocr_line' id='line_1_14' title="bbox 86 1131 1816 1199; baseline 0.001 -8"><span class='ocrx_word' id='word_1_104' title='bbox 86 1152 287 1192; x_wconf 89' lang='lat' dir='ltr'><strong>omnem</strong></span> <span class='ocrx_word' id='word_1_105' title='bbox 326 1133 580 1192; x_wconf 85' lang='lat' dir='ltr'><strong>hominem</strong></span> <span class='ocrx_word' id='word_1_106' title='bbox 624 1133 916 1192; x_wconf 85' lang='lat' dir='ltr'><strong>venientem</strong></span> <span class='ocrx_word' id='word_1_107' title='bbox 962 1135 1019 1192; x_wconf 90' lang='lat' dir='ltr'><strong>in</strong></span> <span class='ocrx_word' id='word_1_108' title='bbox 1069 1131 1363 1199; x_wconf 80' lang='lat' dir='ltr'><em>mundum3</em></span> <span class='ocrx_word' id='word_1_109' title='bbox 1411 1133 1513 1191; x_wconf 88' lang='lat' dir='ltr'><strong>tali</strong></span> <span class='ocrx_word' id='word_1_110' title='bbox 1532 1133 1816 1192; x_wconf 86' lang='lat' dir='ltr'><strong>subterfu-</strong></span> 
     </span>
     <span class='ocr_line' id='line_1_15' title="bbox 86 1211 1814 1293; baseline 0.002 -23"><span class='ocrx_word' id='word_1_111' title='bbox 86 1214 190 1292; x_wconf 84' lang='lat' dir='ltr'><strong>gio</strong></span> <span class='ocrx_word' id='word_1_112' title='bbox 227 1215 567 1276; x_wconf 85' lang='lat' dir='ltr'><strong>obviabunt.</strong></span> <span class='ocrx_word' id='word_1_113' title='bbox 650 1211 959 1274; x_wconf 69' lang='lat' dir='ltr'><strong>Manifeste</strong></span> <span class='ocrx_word' id='word_1_114' title='bbox 1007 1211 1188 1293; x_wconf 87' lang='lat' dir='ltr'><strong>igitur</strong></span> <span class='ocrx_word' id='word_1_115' title='bbox 1218 1229 1401 1293; x_wconf 84' lang='lat' dir='ltr'><strong>patet,</strong></span> <span class='ocrx_word' id='word_1_116' title='bbox 1444 1214 1733 1273; x_wconf 89' lang='lat' dir='ltr'><strong>neminem</strong></span> <span class='ocrx_word' id='word_1_117' title='bbox 1756 1215 1814 1274; x_wconf 88' lang='lat' dir='ltr'><strong>in</strong></span> 
     </span>
     <span class='ocr_line' id='line_1_16' title="bbox 87 1294 1815 1375; baseline 0.001 -21"><span class='ocrx_word' id='word_1_118' title='bbox 87 1295 369 1355; x_wconf 89' lang='lat' dir='ltr'><strong>mundum</strong></span> <span class='ocrx_word' id='word_1_119' title='bbox 415 1294 630 1365; x_wconf 89' lang='lat' dir='ltr'><strong>venire,</strong></span> <span class='ocrx_word' id='word_1_120' title='bbox 674 1314 850 1375; x_wconf 89' lang='lat' dir='ltr'><strong>quem</strong></span> <span class='ocrx_word' id='word_1_121' title='bbox 887 1294 1146 1354; x_wconf 91' lang='lat' dir='ltr'><strong>Christus</strong></span> <span class='ocrx_word' id='word_1_122' title='bbox 1180 1315 1294 1354; x_wconf 92' lang='lat' dir='ltr'><strong>non</strong></span> <span class='ocrx_word' id='word_1_123' title='bbox 1333 1294 1702 1366; x_wconf 85' lang='lat' dir='ltr'><strong>illuminavit,</strong></span> <span class='ocrx_word' id='word_1_124' title='bbox 1750 1297 1815 1355; x_wconf 71' lang='grc' dir='ltr'><strong>δε</strong></span> 
     </span>
     <span class='ocr_line' id='line_1_17' title="bbox 83 1374 1815 1454; baseline 0.002 -19"><span class='ocrx_word' id='word_1_125' title='bbox 83 1376 240 1454; x_wconf 87' lang='lat' dir='ltr'><strong>cujus</strong></span> <span class='ocrx_word' id='word_1_126' title='bbox 273 1374 434 1436; x_wconf 90' lang='lat' dir='ltr'><strong>cordi</strong></span> <span class='ocrx_word' id='word_1_127' title='bbox 455 1375 581 1436; x_wconf 83' lang='lat' dir='ltr'><strong>haec</strong></span> <span class='ocrx_word' id='word_1_128' title='bbox 616 1375 718 1436; x_wconf 85' lang='lat' dir='ltr'><strong>lux</strong></span> <span class='ocrx_word' id='word_1_129' title='bbox 761 1397 879 1438; x_wconf 89' lang='lat' dir='ltr'><strong>non</strong></span> <span class='ocrx_word' id='word_1_130' title='bbox 905 1375 1182 1442; x_wconf 85' lang='lat' dir='ltr'><strong>illuceat;</strong></span> <span class='ocrx_word' id='word_1_131' title='bbox 1226 1376 1288 1434; x_wconf 78' lang='grc' dir='ltr'><strong>ὅτ</strong></span> <span class='ocrx_word' id='word_1_132' title='bbox 1321 1377 1443 1436; x_wconf 80' lang='lat' dir='ltr'><strong>licet</strong></span> <span class='ocrx_word' id='word_1_133' title='bbox 1459 1379 1680 1439; x_wconf 71' lang='lat' dir='ltr'><strong>tenebrae</strong></span> <span class='ocrx_word' id='word_1_134' title='bbox 1696 1399 1815 1438; x_wconf 82' lang='lat' dir='ltr'><strong>eam</strong></span> 
     </span>
     <span class='ocr_line' id='line_1_18' title="bbox 81 1457 1816 1536; baseline 0 -17"><span class='ocrx_word' id='word_1_135' title='bbox 81 1480 184 1519; x_wconf 89' lang='lat' dir='ltr'><strong>non</strong></span> <span class='ocrx_word' id='word_1_136' title='bbox 230 1458 684 1536; x_wconf 80' lang='lat' dir='ltr'><strong>comprehendant,</strong></span> <span class='ocrx_word' id='word_1_137' title='bbox 777 1473 970 1518; x_wconf 81' lang='lat' dir='ltr'><strong>tamen</strong></span> <span class='ocrx_word' id='word_1_138' title='bbox 1018 1457 1099 1519; x_wconf 91' lang='lat' dir='ltr'><strong>ibi</strong></span> <span class='ocrx_word' id='word_1_139' title='bbox 1141 1457 1316 1531; x_wconf 88' lang='lat' dir='ltr'><strong>lucet,</strong></span> <span class='ocrx_word' id='word_1_140' title='bbox 1389 1459 1451 1518; x_wconf 73' lang='grc' dir='ltr'><strong>δε</strong></span> <span class='ocrx_word' id='word_1_141' title='bbox 1498 1480 1568 1519; x_wconf 88' lang='lat' dir='ltr'><strong>ex</strong></span> <span class='ocrx_word' id='word_1_142' title='bbox 1607 1461 1816 1519; x_wconf 65' lang='lat' dir='ltr'><strong>naturai</strong></span> 
     </span>
     <span class='ocr_line' id='line_1_19' title="bbox 80 1539 1816 1619; baseline 0 -19"><span class='ocrx_word' id='word_1_143' title='bbox 80 1539 176 1600; x_wconf 61' lang='lat' dir='ltr'><strong>sua</strong></span> <span class='ocrx_word' id='word_1_144' title='bbox 217 1541 480 1601; x_wconf 86' lang='lat' dir='ltr'><strong>tenebras</strong></span> <span class='ocrx_word' id='word_1_145' title='bbox 527 1539 797 1619; x_wconf 76' lang='lat' dir='ltr'><strong>dispellit,</strong></span> <span class='ocrx_word' id='word_1_146' title='bbox 842 1540 946 1599; x_wconf 89' lang='lat' dir='ltr'><strong>ubi</strong></span> <span class='ocrx_word' id='word_1_147' title='bbox 978 1539 1244 1599; x_wconf 82' lang='lat' dir='ltr'><strong>homines</strong></span> <span class='ocrx_word' id='word_1_148' title='bbox 1292 1541 1492 1600; x_wconf 90' lang='lat' dir='ltr'><strong>oculos</strong></span> <span class='ocrx_word' id='word_1_149' title='bbox 1528 1541 1654 1600; x_wconf 92' lang='lat' dir='ltr'><strong>suos</strong></span> <span class='ocrx_word' id='word_1_150' title='bbox 1694 1560 1816 1600; x_wconf 85' lang='lat' dir='ltr'><strong>non</strong></span> 
     </span>
     <span class='ocr_line' id='line_1_20' title="bbox 81 1620 1814 1700; baseline 0.002 -21"><span class='ocrx_word' id='word_1_151' title='bbox 81 1621 415 1681; x_wconf 88' lang='lat' dir='ltr'><strong>occludunt.</strong></span> <span class='ocrx_word' id='word_1_152' title='bbox 497 1620 565 1680; x_wconf 94' lang='lat' dir='ltr'><strong>In</strong></span> <span class='ocrx_word' id='word_1_153' title='bbox 600 1641 774 1700; x_wconf 91' lang='lat' dir='ltr'><strong>quem</strong></span> <span class='ocrx_word' id='word_1_154' title='bbox 824 1620 1003 1680; x_wconf 89' lang='lat' dir='ltr'><strong>finem</strong></span> <span class='ocrx_word' id='word_1_155' title='bbox 1039 1621 1166 1681; x_wconf 85' lang='lat' dir='ltr'><strong>haec</strong></span> <span class='ocrx_word' id='word_1_156' title='bbox 1222 1621 1325 1681; x_wconf 88' lang='lat' dir='ltr'><strong>lux</strong></span> <span class='ocrx_word' id='word_1_157' title='bbox 1370 1621 1505 1681; x_wconf 83' lang='lat' dir='ltr'><strong>data</strong></span> <span class='ocrx_word' id='word_1_158' title='bbox 1535 1620 1626 1692; x_wconf 87' lang='lat' dir='ltr'><strong>fit,</strong></span> <span class='ocrx_word' id='word_1_159' title='bbox 1672 1621 1814 1682; x_wconf 84' lang='lat' dir='ltr'><strong>dici-</strong></span> 
     </span>
     <span class='ocr_line' id='line_1_21' title="bbox 82 1700 1816 1783; baseline 0.001 -20"><span class='ocrx_word' id='word_1_160' title='bbox 82 1715 178 1763; x_wconf 88' lang='lat' dir='ltr'><strong>tur</strong></span> <span class='ocrx_word' id='word_1_161' title='bbox 220 1702 386 1762; x_wconf 90' lang='lat' dir='ltr'><strong>versu</strong></span> <span class='ocrx_word' id='word_1_162' title='bbox 424 1701 838 1783; x_wconf 60' lang='lat' dir='ltr'><strong>septimo,subi</strong></span> <span class='ocrx_word' id='word_1_163' title='bbox 876 1702 1166 1783; x_wconf 82' lang='lat' dir='ltr'><strong>Johannes</strong></span> <span class='ocrx_word' id='word_1_164' title='bbox 1207 1700 1417 1764; x_wconf 87' lang='lat' dir='ltr'><strong>dicitur</strong></span> <span class='ocrx_word' id='word_1_165' title='bbox 1469 1705 1816 1780; x_wconf 80' lang='lat' dir='ltr'><strong>testimonium</strong></span> 
     </span>
     <span class='ocr_line' id='line_1_22' title="bbox 72 1782 1812 1862; baseline 0.001 -18"><span class='ocrx_word' id='word_1_166' title='bbox 72 1784 357 1862; x_wconf 85' lang='lat' dir='ltr'><strong>perhibere</strong></span> <span class='ocrx_word' id='word_1_167' title='bbox 397 1783 461 1845; x_wconf 88' lang='lat' dir='ltr'><strong>de</strong></span> <span class='ocrx_word' id='word_1_168' title='bbox 500 1782 718 1854; x_wconf 87' lang='lat' dir='ltr'><strong>lumine,</strong></span> <span class='ocrx_word' id='word_1_169' title='bbox 763 1797 824 1844; x_wconf 89' lang='lat' dir='ltr'><strong>ut</strong></span> <span class='ocrx_word' id='word_1_170' title='bbox 861 1805 1030 1844; x_wconf 84' lang='lat' dir='ltr'><strong>omnes</strong></span> <span class='ocrx_word' id='word_1_171' title='bbox 1055 1800 1161 1861; x_wconf 82' lang='lat' dir='ltr'><strong>per</strong></span> <span class='ocrx_word' id='word_1_172' title='bbox 1179 1783 1323 1844; x_wconf 87' lang='lat' dir='ltr'><strong>illud</strong></span> <span class='ocrx_word' id='word_1_173' title='bbox 1363 1785 1650 1856; x_wconf 84' lang='lat' dir='ltr'><strong>crederent,</strong></span> <span class='ocrx_word' id='word_1_174' title='bbox 1696 1785 1812 1846; x_wconf 89' lang='lat' dir='ltr'><strong>viz.</strong></span> 
     </span>
     <span class='ocr_line' id='line_1_23' title="bbox 86 1865 1817 1945; baseline 0.003 -21"><span class='ocrx_word' id='word_1_175' title='bbox 86 1886 192 1945; x_wconf 91' lang='lat' dir='ltr'><strong>per</strong></span> <span class='ocrx_word' id='word_1_176' title='bbox 220 1866 416 1925; x_wconf 91' lang='lat' dir='ltr'><strong>lumen</strong></span> <span class='ocrx_word' id='word_1_177' title='bbox 463 1873 523 1928; x_wconf 63' lang='grc' dir='ltr'><strong>,Ν</strong></span> <span class='ocrx_word' id='word_1_178' title='bbox 544 1871 689 1936; x_wconf 68' lang='grc' dir='ltr'><strong>οἰυτέ,</strong></span> <span class='ocrx_word' id='word_1_179' title='bbox 735 1866 894 1944; x_wconf 92' lang='lat' dir='ltr'><strong>quod</strong></span> <span class='ocrx_word' id='word_1_180' title='bbox 936 1866 1081 1925; x_wconf 72' lang='lat' dir='ltr'><strong>bene</strong></span> <span class='ocrx_word' id='word_1_181' title='bbox 1106 1865 1434 1940; x_wconf 56' lang='lat' dir='ltr'><strong>fconcordat</strong></span> <span class='ocrx_word' id='word_1_182' title='bbox 1469 1887 1602 1925; x_wconf 92' lang='lat' dir='ltr'><strong>cum</strong></span> <span class='ocrx_word' id='word_1_183' title='bbox 1648 1879 1817 1939; x_wconf 69' lang='grc' dir='ltr'><strong><em>φωτὸς,</em></strong></span> 
     </span>
     <span class='ocr_line' id='line_1_24' title="bbox 78 1946 1821 2031; baseline -0.001 -23"><span class='ocrx_word' id='word_1_184' title='bbox 78 1947 243 2031; x_wconf 90' lang='lat' dir='ltr'><strong>quod</strong></span> <span class='ocrx_word' id='word_1_185' title='bbox 292 1946 629 2027; x_wconf 84' lang='lat' dir='ltr'><strong>proximum</strong></span> <span class='ocrx_word' id='word_1_186' title='bbox 673 1947 1017 2025; x_wconf 11' lang='lat' dir='ltr'><strong>antecedens*</strong></span> <span class='ocrx_word' id='word_1_187' title='bbox 1069 1946 1195 2013; x_wconf 76' lang='lat' dir='ltr'><strong>est3</strong></span> <span class='ocrx_word' id='word_1_188' title='bbox 1260 1947 1395 2006; x_wconf 88' lang='lat' dir='ltr'><strong>licet</strong></span> <span class='ocrx_word' id='word_1_189' title='bbox 1449 1947 1821 2028; x_wconf 79' lang='lat' dir='ltr'><strong>interprete5‚</strong></span> 
     </span>
     <span class='ocr_line' id='line_1_25' title="bbox 79 2026 1812 2109; baseline -0.002 -17"><span class='ocrx_word' id='word_1_190' title='bbox 79 2046 150 2092; x_wconf 90' lang='lat' dir='ltr'><strong>ut</strong></span> <span class='ocrx_word' id='word_1_191' title='bbox 190 2031 304 2090; x_wconf 84' lang='lat' dir='ltr'><strong>suae</strong></span> <span class='ocrx_word' id='word_1_192' title='bbox 360 2028 645 2090; x_wconf 68' lang='lat' dir='ltr'><strong>dostrinae&#39;</strong></span> <span class='ocrx_word' id='word_1_193' title='bbox 682 2027 1040 2109; x_wconf 83' lang='lat' dir='ltr'><strong>adaptarent,</strong></span> <span class='ocrx_word' id='word_1_194' title='bbox 1102 2026 1432 2108; x_wconf 89' lang='lat' dir='ltr'><strong>frequenter</strong></span> <span class='ocrx_word' id='word_1_195' title='bbox 1479 2029 1554 2088; x_wconf 88' lang='lat' dir='ltr'><strong>ad</strong></span> <span class='ocrx_word' id='word_1_196' title='bbox 1591 2028 1812 2107; x_wconf 82' lang='lat' dir='ltr'><strong>Johan-</strong></span> 
     </span>
     <span class='ocr_line' id='line_1_26' title="bbox 79 2108 1813 2191; baseline -0.001 -19"><span class='ocrx_word' id='word_1_197' title='bbox 79 2132 214 2172; x_wconf 90' lang='lat' dir='ltr'><strong>nem</strong></span> <span class='ocrx_word' id='word_1_198' title='bbox 256 2110 524 2182; x_wconf 85' lang='lat' dir='ltr'><strong>referant,</strong></span> <span class='ocrx_word' id='word_1_199' title='bbox 589 2108 748 2191; x_wconf 83' lang='lat' dir='ltr'><strong>quafi</strong></span> <span class='ocrx_word' id='word_1_200' title='bbox 788 2129 987 2170; x_wconf 90' lang='lat' dir='ltr'><strong>omnes</strong></span> <span class='ocrx_word' id='word_1_201' title='bbox 1030 2130 1136 2190; x_wconf 90' lang='lat' dir='ltr'><strong>per</strong></span> <span class='ocrx_word' id='word_1_202' title='bbox 1193 2111 1520 2189; x_wconf 86' lang='lat' dir='ltr'><strong>Johannem</strong></span> <span class='ocrx_word' id='word_1_203' title='bbox 1580 2109 1813 2171; x_wconf 87' lang='lat' dir='ltr'><strong>credere</strong></span> 
     </span>
     <span class='ocr_line' id='line_1_27' title="bbox 76 2190 1815 2272; baseline -0.002 -18"><span class='ocrx_word' id='word_1_204' title='bbox 76 2195 371 2255; x_wconf 88' lang='lat' dir='ltr'><strong>deberent.</strong></span> <span class='ocrx_word' id='word_1_205' title='bbox 453 2192 566 2251; x_wconf 88' lang='lat' dir='ltr'><strong>Sed</strong></span> <span class='ocrx_word' id='word_1_206' title='bbox 613 2207 680 2253; x_wconf 92' lang='lat' dir='ltr'><strong>ut</strong></span> <span class='ocrx_word' id='word_1_207' title='bbox 713 2190 857 2252; x_wconf 87' lang='lat' dir='ltr'><strong>nih-il</strong></span> <span class='ocrx_word' id='word_1_208' title='bbox 899 2191 956 2252; x_wconf 90' lang='lat' dir='ltr'><strong>in</strong></span> <span class='ocrx_word' id='word_1_209' title='bbox 984 2207 1147 2252; x_wconf 88' lang='lat' dir='ltr'><strong>textu</strong></span> <span class='ocrx_word' id='word_1_210' title='bbox 1180 2193 1312 2253; x_wconf 87' lang='lat' dir='ltr'><strong>huic</strong></span> <span class='ocrx_word' id='word_1_211' title='bbox 1351 2191 1815 2272; x_wconf 83' lang='lat' dir='ltr'><strong>interpretationi</strong></span> 
     </span>
     <span class='ocr_line' id='line_1_28' title="bbox 76 2273 1810 2353; baseline -0.001 -17"><span class='ocrx_word' id='word_1_212' title='bbox 76 2275 254 2348; x_wconf 88' lang='lat' dir='ltr'><strong>favet,</strong></span> <span class='ocrx_word' id='word_1_213' title='bbox 320 2274 400 2335; x_wconf 87' lang='lat' dir='ltr'><strong>ita</strong></span> <span class='ocrx_word' id='word_1_214' title='bbox 444 2289 745 2334; x_wconf 90' lang='lat' dir='ltr'><strong>contextus</strong></span> <span class='ocrx_word' id='word_1_215' title='bbox 790 2274 970 2353; x_wconf 89' lang='lat' dir='ltr'><strong>scopo</strong></span> <span class='ocrx_word' id='word_1_216' title='bbox 1018 2273 1408 2335; x_wconf 79' lang='lat' dir='ltr'><strong>contradicit:</strong></span> <span class='ocrx_word' id='word_1_217' title='bbox 1468 2294 1626 2346; x_wconf 83' lang='lat' dir='ltr'><strong>nam,</strong></span> <span class='ocrx_word' id='word_1_218' title='bbox 1672 2296 1810 2335; x_wconf 92' lang='lat' dir='ltr'><strong>cum</strong></span> 
     </span>
     <span class='ocr_line' id='line_1_29' title="bbox 75 2355 1812 2428; baseline -0.001 -12"><span class='ocrx_word' id='word_1_219' title='bbox 75 2357 336 2417; x_wconf 91' lang='lat' dir='ltr'><strong>Christus</strong></span> <span class='ocrx_word' id='word_1_220' title='bbox 375 2375 573 2415; x_wconf 90' lang='lat' dir='ltr'><strong>omnes</strong></span> <span class='ocrx_word' id='word_1_221' title='bbox 613 2357 725 2415; x_wconf 89' lang='lat' dir='ltr'><strong>hoc</strong></span> <span class='ocrx_word' id='word_1_222' title='bbox 771 2355 988 2417; x_wconf 90' lang='lat' dir='ltr'><strong>lumine</strong></span> <span class='ocrx_word' id='word_1_223' title='bbox 1044 2356 1401 2428; x_wconf 55' lang='lat' dir='ltr'><strong>illuminarit,</strong></span> <span class='ocrx_word' id='word_1_224' title='bbox 1465 2377 1655 2416; x_wconf 82' lang='lat' dir='ltr'><strong>annon</strong></span> <span class='ocrx_word' id='word_1_225' title='bbox 1695 2357 1812 2415; x_wconf 92' lang='lat' dir='ltr'><strong>hoc</strong></span> 
     </span>
     <span class='ocr_line' id='line_1_30' title="bbox 78 2436 1808 2518; baseline 0 -19"><span class='ocrx_word' id='word_1_226' title='bbox 78 2439 169 2510; x_wconf 89' lang='lat' dir='ltr'><strong>fit,</strong></span> <span class='ocrx_word' id='word_1_227' title='bbox 241 2454 309 2499; x_wconf 86' lang='lat' dir='ltr'><strong>ut</strong></span> <span class='ocrx_word' id='word_1_228' title='bbox 367 2458 472 2518; x_wconf 92' lang='lat' dir='ltr'><strong>per</strong></span> <span class='ocrx_word' id='word_1_229' title='bbox 507 2437 655 2498; x_wconf 91' lang='lat' dir='ltr'><strong>illud</strong></span> <span class='ocrx_word' id='word_1_230' title='bbox 699 2436 979 2498; x_wconf 84' lang='lat' dir='ltr'><strong>credant?</strong></span> <span class='ocrx_word' id='word_1_231' title='bbox 1058 2439 1278 2501; x_wconf 90' lang='lat' dir='ltr'><strong>Omnes</strong></span> <span class='ocrx_word' id='word_1_232' title='bbox 1326 2458 1429 2518; x_wconf 91' lang='lat' dir='ltr'><strong>per</strong></span> <span class='ocrx_word' id='word_1_233' title='bbox 1478 2438 1808 2517; x_wconf 85' lang='lat' dir='ltr'><strong>Johannem</strong></span> 
     </span>
     <span class='ocr_line' id='line_1_31' title="bbox 76 2519 1808 2600; baseline -0.001 -20"><span class='ocrx_word' id='word_1_234' title='bbox 76 2519 310 2580; x_wconf 89' lang='lat' dir='ltr'><strong>credere</strong></span> <span class='ocrx_word' id='word_1_235' title='bbox 376 2540 493 2580; x_wconf 91' lang='lat' dir='ltr'><strong>non</strong></span> <span class='ocrx_word' id='word_1_236' title='bbox 548 2534 883 2600; x_wconf 88' lang='lat' dir='ltr'><strong>potuerunt,</strong></span> <span class='ocrx_word' id='word_1_237' title='bbox 948 2520 1084 2600; x_wconf 84' lang='lat' dir='ltr'><strong>quia</strong></span> <span class='ocrx_word' id='word_1_238' title='bbox 1139 2521 1214 2580; x_wconf 86' lang='lat' dir='ltr'><strong>ad</strong></span> <span class='ocrx_word' id='word_1_239' title='bbox 1261 2538 1459 2581; x_wconf 90' lang='lat' dir='ltr'><strong>omnes</strong></span> <span class='ocrx_word' id='word_1_240' title='bbox 1528 2519 1808 2597; x_wconf 83' lang='lat' dir='ltr'><strong>Johannis</strong></span> 
     </span>
     <span class='ocr_line' id='line_1_32' title="bbox 78 2599 1808 2682; baseline 0.001 -22"><span class='ocrx_word' id='word_1_241' title='bbox 78 2602 467 2663; x_wconf 90' lang='lat' dir='ltr'><strong>testimonium</strong></span> <span class='ocrx_word' id='word_1_242' title='bbox 509 2621 627 2662; x_wconf 90' lang='lat' dir='ltr'><strong>non</strong></span> <span class='ocrx_word' id='word_1_243' title='bbox 667 2599 967 2682; x_wconf 89' lang='lat' dir='ltr'><strong>pervenit:</strong></span> <span class='ocrx_word' id='word_1_244' title='bbox 1059 2622 1257 2662; x_wconf 88' lang='lat' dir='ltr'><strong>omnes</strong></span> <span class='ocrx_word' id='word_1_245' title='bbox 1306 2617 1525 2671; x_wconf 88' lang='lat' dir='ltr'><strong>autem,</strong></span> <span class='ocrx_word' id='word_1_246' title='bbox 1590 2600 1808 2661; x_wconf 90' lang='lat' dir='ltr'><strong>lumine</strong></span> 
     </span>
     <span class='ocr_line' id='line_1_33' title="bbox 78 2681 1807 2764; baseline 0.002 -24"><span class='ocrx_word' id='word_1_247' title='bbox 78 2681 430 2754; x_wconf 75' lang='lat' dir='ltr'><strong>illuminati,</strong></span> <span class='ocrx_word' id='word_1_248' title='bbox 473 2703 577 2764; x_wconf 87' lang='lat' dir='ltr'><strong>per</strong></span> <span class='ocrx_word' id='word_1_249' title='bbox 617 2682 760 2743; x_wconf 90' lang='lat' dir='ltr'><strong>illud</strong></span> <span class='ocrx_word' id='word_1_250' title='bbox 824 2681 1055 2742; x_wconf 91' lang='lat' dir='ltr'><strong>credere</strong></span> <span class='ocrx_word' id='word_1_251' title='bbox 1099 2698 1430 2763; x_wconf 91' lang='lat' dir='ltr'><strong>potuerunt.</strong></span> <span class='ocrx_word' id='word_1_252' title='bbox 1516 2683 1807 2761; x_wconf 86' lang='lat' dir='ltr'><strong>Johannes</strong></span> 
     </span>
     <span class='ocr_line' id='line_1_34' title="bbox 79 2762 1807 2834; baseline 0.002 -13"><span class='ocrx_word' id='word_1_253' title='bbox 79 2762 317 2824; x_wconf 74' lang='lat' dir='ltr'><strong>minime</strong></span> <span class='ocrx_word' id='word_1_254' title='bbox 357 2764 415 2823; x_wconf 93' lang='lat' dir='ltr'><strong>in</strong></span> <span class='ocrx_word' id='word_1_255' title='bbox 469 2764 718 2826; x_wconf 90' lang='lat' dir='ltr'><strong>tenebris</strong></span> <span class='ocrx_word' id='word_1_256' title='bbox 764 2763 938 2834; x_wconf 92' lang='lat' dir='ltr'><strong>lucet,</strong></span> <span class='ocrx_word' id='word_1_257' title='bbox 1003 2762 1096 2823; x_wconf 88' lang='lat' dir='ltr'><strong>sed</strong></span> <span class='ocrx_word' id='word_1_258' title='bbox 1123 2765 1248 2824; x_wconf 86' lang='lat' dir='ltr'><strong>haec</strong></span> <span class='ocrx_word' id='word_1_259' title='bbox 1277 2763 1380 2824; x_wconf 82' lang='lat' dir='ltr'><strong>lux</strong></span> <span class='ocrx_word' id='word_1_260' title='bbox 1428 2762 1585 2823; x_wconf 90' lang='lat' dir='ltr'><strong>lucet</strong></span> <span class='ocrx_word' id='word_1_261' title='bbox 1631 2764 1689 2824; x_wconf 90' lang='lat' dir='ltr'><strong>in</strong></span> <span class='ocrx_word' id='word_1_262' title='bbox 1721 2781 1807 2825; x_wconf 80' lang='lat' dir='ltr'><strong>te-</strong></span> 
     </span>
     <span class='ocr_line' id='line_1_35' title="bbox 72 2843 1805 2926; baseline 0.001 -21"><span class='ocrx_word' id='word_1_263' title='bbox 72 2844 288 2918; x_wconf 82' lang='lat' dir='ltr'><strong>nebri3,</strong></span> <span class='ocrx_word' id='word_1_264' title='bbox 333 2860 401 2903; x_wconf 90' lang='lat' dir='ltr'><strong>ut</strong></span> <span class='ocrx_word' id='word_1_265' title='bbox 454 2845 702 2906; x_wconf 84' lang='lat' dir='ltr'><strong>discuffis</strong></span> <span class='ocrx_word' id='word_1_266' title='bbox 741 2843 803 2904; x_wconf 77' lang='grc' dir='ltr'><strong>δε</strong></span> <span class='ocrx_word' id='word_1_267' title='bbox 858 2843 1133 2924; x_wconf 82' lang='lat' dir='ltr'><strong>diffipatis</strong></span> <span class='ocrx_word' id='word_1_268' title='bbox 1190 2844 1436 2907; x_wconf 91' lang='lat' dir='ltr'><strong>tenebris</strong></span> <span class='ocrx_word' id='word_1_269' title='bbox 1483 2846 1660 2906; x_wconf 90' lang='lat' dir='ltr'><strong>fidem</strong></span> <span class='ocrx_word' id='word_1_270' title='bbox 1702 2867 1805 2926; x_wconf 81' lang='lat' dir='ltr'><strong>ge·-</strong></span> 
     </span>
     <span class='ocr_line' id='line_1_36' title="bbox 72 2925 1804 3007; baseline 0.002 -23"><span class='ocrx_word' id='word_1_271' title='bbox 72 2943 250 2985; x_wconf 89' lang='lat' dir='ltr'><strong>neret.</strong></span> <span class='ocrx_word' id='word_1_272' title='bbox 337 2925 419 2984; x_wconf 90' lang='lat' dir='ltr'><strong>Et</strong></span> <span class='ocrx_word' id='word_1_273' title='bbox 453 2925 719 3007; x_wconf 87' lang='lat' dir='ltr'><strong>denique,</strong></span> <span class='ocrx_word' id='word_1_274' title='bbox 760 2945 866 3006; x_wconf 88' lang='lat' dir='ltr'><strong>per</strong></span> <span class='ocrx_word' id='word_1_275' title='bbox 902 2926 1049 2985; x_wconf 91' lang='lat' dir='ltr'><strong>illud</strong></span> <span class='ocrx_word' id='word_1_276' title='bbox 1087 2927 1333 2998; x_wconf 86' lang='lat' dir='ltr'><strong>credere,</strong></span> <span class='ocrx_word' id='word_1_277' title='bbox 1378 2927 1472 2986; x_wconf 85' lang='lat' dir='ltr'><strong>vel</strong></span> <span class='ocrx_word' id='word_1_278' title='bbox 1527 2947 1630 3006; x_wconf 92' lang='lat' dir='ltr'><strong>per</strong></span> <span class='ocrx_word' id='word_1_279' title='bbox 1655 2928 1804 2988; x_wconf 90' lang='lat' dir='ltr'><strong>illud</strong></span> 
     </span>
     <span class='ocr_line' id='line_1_37' title="bbox 74 3006 1803 3088; baseline 0.001 -21"><span class='ocrx_word' id='word_1_280' title='bbox 74 3006 276 3067; x_wconf 88' lang='lat' dir='ltr'><strong>fideles</strong></span> <span class='ocrx_word' id='word_1_281' title='bbox 325 3006 450 3067; x_wconf 86' lang='lat' dir='ltr'><strong>fieri</strong></span> <span class='ocrx_word' id='word_1_282' title='bbox 499 3023 756 3088; x_wconf 89' lang='lat' dir='ltr'><strong>oportet,</strong></span> <span class='ocrx_word' id='word_1_283' title='bbox 817 3008 875 3067; x_wconf 91' lang='lat' dir='ltr'><strong>in</strong></span> <span class='ocrx_word' id='word_1_284' title='bbox 921 3028 1039 3088; x_wconf 92' lang='lat' dir='ltr'><strong>quo</strong></span> <span class='ocrx_word' id='word_1_285' title='bbox 1107 3009 1442 3068; x_wconf 89' lang='lat' dir='ltr'><strong>communio</strong></span> <span class='ocrx_word' id='word_1_286' title='bbox 1489 3028 1623 3068; x_wconf 90' lang='lat' dir='ltr'><strong>cum</strong></span> <span class='ocrx_word' id='word_1_287' title='bbox 1671 3007 1803 3069; x_wconf 90' lang='lat' dir='ltr'><strong>Deo</strong></span> 
     </span>
     <span class='ocr_line' id='line_1_38' title="bbox 70 3087 1802 3170; baseline 0.003 -22"><span class='ocrx_word' id='word_1_288' title='bbox 70 3087 388 3159; x_wconf 87' lang='lat' dir='ltr'><strong>obtinetur,</strong></span> <span class='ocrx_word' id='word_1_289' title='bbox 435 3106 501 3148; x_wconf 93' lang='lat' dir='ltr'><strong>ut</strong></span> <span class='ocrx_word' id='word_1_290' title='bbox 536 3089 700 3170; x_wconf 64' lang='lat' dir='ltr'><strong>supria</strong></span> <span class='ocrx_word' id='word_1_291' title='bbox 741 3090 1108 3150; x_wconf 64' lang='lat' dir='ltr'><strong>observatum</strong></span> <span class='ocrx_word' id='word_1_292' title='bbox 1127 3090 1226 3149; x_wconf 88' lang='lat' dir='ltr'><strong>est.</strong></span> <span class='ocrx_word' id='word_1_293' title='bbox 1310 3090 1420 3149; x_wconf 90' lang='lat' dir='ltr'><strong>Sed</strong></span> <span class='ocrx_word' id='word_1_294' title='bbox 1447 3091 1802 3153; x_wconf 84' lang='lat' dir='ltr'><strong>ambulando</strong></span> 
     </span>
     <span class='ocr_line' id='line_1_39' title="bbox 74 3166 1802 3244; baseline 0.004 -16"><span class='ocrx_word' id='word_1_295' title='bbox 74 3166 133 3228; x_wconf 80' lang='lat' dir='ltr'><strong>in</strong></span> <span class='ocrx_word' id='word_1_296' title='bbox 178 3169 389 3229; x_wconf 92' lang='lat' dir='ltr'><strong>lumine</strong></span> <span class='ocrx_word' id='word_1_297' title='bbox 438 3171 585 3230; x_wconf 84' lang='lat' dir='ltr'><strong>hanc</strong></span> <span class='ocrx_word' id='word_1_298' title='bbox 632 3173 1101 3234; x_wconf 91' lang='lat' dir='ltr'><strong>communionem</strong></span> <span class='ocrx_word' id='word_1_299' title='bbox 1167 3170 1511 3244; x_wconf 68' lang='lat' dir='ltr'><strong>obtine-mm,</strong></span> <span class='ocrx_word' id='word_1_300' title='bbox 1582 3193 1699 3233; x_wconf 92' lang='lat' dir='ltr'><strong>non</strong></span> <span class='ocrx_word' id='word_1_301' title='bbox 1741 3173 1802 3235; x_wconf 81' lang='lat' dir='ltr'><strong>in</strong></span> 
     </span>
     <span class='ocr_line' id='line_1_40' title="bbox 78 3249 1799 3398; baseline 0.005 -88"><span class='ocrx_word' id='word_1_302' title='bbox 78 3249 340 3332; x_wconf 76' lang='lat' dir='ltr'><strong>johanne</strong></span> <span class='ocrx_word' id='word_1_303' title='bbox 382 3252 759 3333; x_wconf 78' lang='lat' dir='ltr'><strong>ambuland0‚</strong></span> <span class='ocrx_word' id='word_1_304' title='bbox 802 3253 962 3335; x_wconf 88' lang='lat' dir='ltr'><strong>quod</strong></span> <span class='ocrx_word' id='word_1_305' title='bbox 1003 3253 1415 3339; x_wconf 87' lang='lat' dir='ltr'><strong>ineptiffimum</strong></span> <span class='ocrx_word' id='word_1_306' title='bbox 1457 3255 1799 3398; x_wconf 26' lang='lat' dir='ltr'><strong>effetrdgtu·</strong></span> 
     </span>
    </p>

    <p class='ocr_par' dir='ltr' id='par_1_3' title="bbox 1725 3358 1798 3396">
     <span class='ocr_line' id='line_1_41' title="bbox 1725 3358 1798 3396; baseline 0 0"><span class='ocrx_word' id='word_1_307' title='bbox 1725 3358 1798 3396; x_wconf 89' lang='lat' dir='ltr'><strong>oc</strong></span> 
     </span>
    </p>
   </div>
  </div>
 </body>
</html>
