<?xml version="1.0" encoding="UTF-8"?>
<!DOCTYPE html PUBLIC "-//W3C//DTD XHTML 1.0 Transitional//EN"
    "http://www.w3.org/TR/xhtml1/DTD/xhtml1-transitional.dtd">
<html xmlns="http://www.w3.org/1999/xhtml" xml:lang="en" lang="en">
 <head>
  <title>
</title>
<meta http-equiv="Content-Type" content="text/html;charset=utf-8" />
  <meta name='ocr-system' content='tesseract 3.04.00' />
  <meta name='ocr-capabilities' content='ocr_page ocr_carea ocr_par ocr_line ocrx_word'/>
</head>
<body>
  <div class='ocr_page' id='page_1' title='image "./theologiaeverech00barcuoft_0112.png"; bbox 0 0 2086 3640; ppageno 0'>
   <div class='ocr_carea' id='block_1_1' title="bbox 208 119 1851 236">
    <p class='ocr_par' dir='ltr' id='par_1_1' title="bbox 208 119 1851 236">
     <span class='ocr_line' id='line_1_1' title="bbox 208 119 1851 236; baseline -0.005 -18"><span class='ocrx_word' id='word_1_1' title='bbox 208 171 213 178; x_wconf 86' lang='grc'><em>·</em></span> <span class='ocrx_word' id='word_1_2' title='bbox 302 162 383 236; x_wconf 76' lang='lat'><strong>84</strong></span> <span class='ocrx_word' id='word_1_3' title='bbox 481 119 853 213; x_wconf 34' lang='lat' dir='ltr'><em>THES&#39;IS</em></span> <span class='ocrx_word' id='word_1_4' title='bbox 908 145 1325 229; x_wconf 61' lang='lat' dir='ltr'><em>QUINTA</em></span> <span class='ocrx_word' id='word_1_5' title='bbox 1379 147 1448 210; x_wconf 77' lang='lat'><em>&amp;</em></span> <span class='ocrx_word' id='word_1_6' title='bbox 1510 147 1851 210; x_wconf 71' lang='lat' dir='ltr'><em>SEXTA.</em></span> 
     </span>
    </p>
   </div>
   <div class='ocr_carea' id='block_1_2' title="bbox 288 250 2086 3414">
    <p class='ocr_par' dir='ltr' id='par_1_2' title="bbox 288 250 2086 3414">
     <span class='ocr_line' id='line_1_2' title="bbox 300 250 2031 336; baseline -0.001 -18"><span class='ocrx_word' id='word_1_7' title='bbox 300 250 601 336; x_wconf 85' lang='lat' dir='ltr'><strong>scriptores</strong></span> <span class='ocrx_word' id='word_1_8' title='bbox 663 255 726 314; x_wconf 74' lang='grc' dir='ltr'><strong>δε</strong></span> <span class='ocrx_word' id='word_1_9' title='bbox 791 253 1056 313; x_wconf 67' lang='lat' dir='ltr'><strong>doctores</strong></span> <span class='ocrx_word' id='word_1_10' title='bbox 1103 253 1352 314; x_wconf 81' lang='lat' dir='ltr'><strong>ecclefiae</strong></span> <span class='ocrx_word' id='word_1_11' title='bbox 1405 254 1528 314; x_wconf 88' lang='lat' dir='ltr'><strong>alto</strong></span> <span class='ocrx_word' id='word_1_12' title='bbox 1581 252 1802 314; x_wconf 84' lang='lat' dir='ltr'><strong>filentio</strong></span> <span class='ocrx_word' id='word_1_13' title='bbox 1868 253 2031 317; x_wconf 87' lang='lat' dir='ltr'><strong>illam</strong></span> 
     </span>
     <span class='ocr_line' id='line_1_3' title="bbox 302 333 2029 415; baseline 0.001 -20"><span class='ocrx_word' id='word_1_14' title='bbox 302 336 662 396; x_wconf 75' lang='lat' dir='ltr'><strong>transierunt.</strong></span> <span class='ocrx_word' id='word_1_15' title='bbox 750 334 947 397; x_wconf 88' lang='lat' dir='ltr'><strong>Prima</strong></span> <span class='ocrx_word' id='word_1_16' title='bbox 1005 333 1120 407; x_wconf 73' lang='lat' dir='ltr'><strong>eius</strong></span> <span class='ocrx_word' id='word_1_17' title='bbox 1181 334 1514 410; x_wconf 74' lang='lat' dir='ltr'>fundamina</span> <span class='ocrx_word' id='word_1_18' title='bbox 1577 335 1877 415; x_wconf 87' lang='lat' dir='ltr'><strong>postremis</strong></span> <span class='ocrx_word' id='word_1_19' title='bbox 1922 338 2029 396; x_wconf 90' lang='lat' dir='ltr'><strong>suis</strong></span> 
     </span>
     <span class='ocr_line' id='line_1_4' title="bbox 301 409 2032 496; baseline 0.001 -21"><span class='ocrx_word' id='word_1_20' title='bbox 301 409 521 494; x_wconf 90' lang='lat' dir='ltr'><strong>scriptis</strong></span> <span class='ocrx_word' id='word_1_21' title='bbox 559 414 702 495; x_wconf 90' lang='lat' dir='ltr'><strong>jecit</strong></span> <span class='ocrx_word' id='word_1_22' title='bbox 748 414 1105 496; x_wconf 87' lang='lat' dir='ltr'><strong>Augustinus</strong></span> <span class='ocrx_word' id='word_1_23' title='bbox 1141 416 1199 475; x_wconf 89' lang='lat' dir='ltr'><strong>in</strong></span> <span class='ocrx_word' id='word_1_24' title='bbox 1241 416 1430 476; x_wconf 87' lang='lat' dir='ltr'><strong>calore</strong></span> <span class='ocrx_word' id='word_1_25' title='bbox 1479 416 1593 474; x_wconf 89' lang='lat' dir='ltr'><strong>zeli</strong></span> <span class='ocrx_word' id='word_1_26' title='bbox 1633 431 1835 475; x_wconf 89' lang='lat' dir='ltr'><strong>contra</strong></span> <span class='ocrx_word' id='word_1_27' title='bbox 1863 417 2032 478; x_wconf 85' lang='lat' dir='ltr'><strong>Pela-</strong></span> 
     </span>
     <span class='ocr_line' id='line_1_5' title="bbox 300 495 2028 577; baseline 0.002 -24"><span class='ocrx_word' id='word_1_28' title='bbox 300 497 486 574; x_wconf 85' lang='lat' dir='ltr'><strong>gium,</strong></span> <span class='ocrx_word' id='word_1_29' title='bbox 533 497 631 556; x_wconf 92' lang='lat' dir='ltr'><strong>ubi</strong></span> <span class='ocrx_word' id='word_1_30' title='bbox 659 497 812 556; x_wconf 65' lang='lat' dir='ltr'><strong>dieta</strong></span> <span class='ocrx_word' id='word_1_31' title='bbox 842 497 1111 577; x_wconf 79' lang='lat' dir='ltr'><strong>quaedam</strong></span> <span class='ocrx_word' id='word_1_32' title='bbox 1151 496 1487 567; x_wconf 82' lang='lat' dir='ltr'><strong>seminavit,</strong></span> <span class='ocrx_word' id='word_1_33' title='bbox 1510 517 1639 576; x_wconf 85' lang='lat' dir='ltr'><strong>quae</strong></span> <span class='ocrx_word' id='word_1_34' title='bbox 1678 495 1914 575; x_wconf 88' lang='lat' dir='ltr'><strong>quidam</strong></span> <span class='ocrx_word' id='word_1_35' title='bbox 1941 497 2028 557; x_wconf 89' lang='lat' dir='ltr'><strong>in-</strong></span> 
     </span>
     <span class='ocr_line' id='line_1_6' title="bbox 297 576 2023 657; baseline 0.002 -22"><span class='ocrx_word' id='word_1_36' title='bbox 297 576 562 636; x_wconf 81' lang='lat' dir='ltr'><strong>faeliciter</strong></span> <span class='ocrx_word' id='word_1_37' title='bbox 591 578 1026 657; x_wconf 78' lang='lat' dir='ltr'><strong>assumpserunt,</strong></span> <span class='ocrx_word' id='word_1_38' title='bbox 1053 578 1125 637; x_wconf 91' lang='lat' dir='ltr'><strong>ad</strong></span> <span class='ocrx_word' id='word_1_39' title='bbox 1154 578 1303 637; x_wconf 90' lang='lat' dir='ltr'><strong>hunc</strong></span> <span class='ocrx_word' id='word_1_40' title='bbox 1322 597 1574 637; x_wconf 89' lang='lat' dir='ltr'><strong>errorem</strong></span> <span class='ocrx_word' id='word_1_41' title='bbox 1595 576 2023 650; x_wconf 87' lang='lat' dir='ltr'><strong>aedificandum,</strong></span> 
     </span>
     <span class='ocr_line' id='line_1_7' title="bbox 297 657 2028 739; baseline 0.003 -25"><span class='ocrx_word' id='word_1_42' title='bbox 297 678 418 736; x_wconf 90' lang='lat' dir='ltr'><strong>quo</strong></span> <span class='ocrx_word' id='word_1_43' title='bbox 455 661 516 718; x_wconf 75' lang='grc' dir='ltr'><strong>ὅτ</strong></span> <span class='ocrx_word' id='word_1_44' title='bbox 556 658 804 730; x_wconf 86' lang='lat' dir='ltr'><strong>veritati,</strong></span> <span class='ocrx_word' id='word_1_45' title='bbox 846 658 908 717; x_wconf 71' lang='grc' dir='ltr'><strong>δε</strong></span> <span class='ocrx_word' id='word_1_46' title='bbox 938 658 1109 739; x_wconf 89' lang='lat' dir='ltr'><strong>ipfius</strong></span> <span class='ocrx_word' id='word_1_47' title='bbox 1147 658 1458 737; x_wconf 89' lang='lat' dir='ltr'><strong>Augustini</strong></span> <span class='ocrx_word' id='word_1_48' title='bbox 1495 657 1852 736; x_wconf 85' lang='lat' dir='ltr'><strong>aliorumque</strong></span> <span class='ocrx_word' id='word_1_49' title='bbox 1873 659 2028 719; x_wconf 89' lang='lat' dir='ltr'><strong>haud</strong></span> 
     </span>
     <span class='ocr_line' id='line_1_8' title="bbox 300 737 2028 820; baseline 0.001 -22"><span class='ocrx_word' id='word_1_50' title='bbox 300 758 622 817; x_wconf 82' lang='lat' dir='ltr'><strong>paucorum</strong></span> <span class='ocrx_word' id='word_1_51' title='bbox 662 739 825 798; x_wconf 70' lang='lat' dir='ltr'><strong>dictis</strong></span> <span class='ocrx_word' id='word_1_52' title='bbox 853 740 913 798; x_wconf 88' lang='lat'>&amp;</span> <span class='ocrx_word' id='word_1_53' title='bbox 953 739 1171 820; x_wconf 90' lang='lat' dir='ltr'><strong>scriptis</strong></span> <span class='ocrx_word' id='word_1_54' title='bbox 1209 737 1635 798; x_wconf 85' lang='lat' dir='ltr'>contradicitur.</span> <span class='ocrx_word' id='word_1_55' title='bbox 1718 737 1893 799; x_wconf 88' lang='lat' dir='ltr'><strong>Illum</strong></span> <span class='ocrx_word' id='word_1_56' title='bbox 1913 760 2028 820; x_wconf 89' lang='lat' dir='ltr'><strong>po-</strong></span> 
     </span>
     <span class='ocr_line' id='line_1_9' title="bbox 297 817 2026 899; baseline 0.002 -21"><span class='ocrx_word' id='word_1_57' title='bbox 297 819 414 879; x_wconf 85' lang='lat' dir='ltr'><strong>stea</strong></span> <span class='ocrx_word' id='word_1_58' title='bbox 454 818 603 879; x_wconf 89' lang='lat' dir='ltr'><strong>fovit</strong></span> <span class='ocrx_word' id='word_1_59' title='bbox 631 820 1049 897; x_wconf 86' lang='lat' dir='ltr'><strong>Dominicus&amp;</strong></span> <span class='ocrx_word' id='word_1_60' title='bbox 1086 821 1201 899; x_wconf 90' lang='lat' dir='ltr'><strong>ejus</strong></span> <span class='ocrx_word' id='word_1_61' title='bbox 1242 817 1453 878; x_wconf 90' lang='lat' dir='ltr'><strong>ordinis</strong></span> <span class='ocrx_word' id='word_1_62' title='bbox 1485 818 1796 888; x_wconf 85' lang='lat' dir='ltr'><strong>monachi;</strong></span> <span class='ocrx_word' id='word_1_63' title='bbox 1838 820 1902 879; x_wconf 78' lang='grc' dir='ltr'><strong>δε</strong></span> <span class='ocrx_word' id='word_1_64' title='bbox 1926 820 2026 881; x_wconf 88' lang='lat' dir='ltr'><strong>de·</strong></span> 
     </span>
     <span class='ocr_line' id='line_1_10' title="bbox 297 897 2026 983; baseline 0.002 -25"><span class='ocrx_word' id='word_1_65' title='bbox 297 900 467 981; x_wconf 87' lang='lat' dir='ltr'><strong>nique</strong></span> <span class='ocrx_word' id='word_1_66' title='bbox 525 901 675 961; x_wconf 92' lang='lat' dir='ltr'><strong>hunc</strong></span> <span class='ocrx_word' id='word_1_67' title='bbox 722 922 982 962; x_wconf 88' lang='lat' dir='ltr'><strong>errorem</strong></span> <span class='ocrx_word' id='word_1_68' title='bbox 1030 897 1504 983; x_wconf 68' lang='lat' dir='ltr'><strong>perincommode</strong></span> <span class='ocrx_word' id='word_1_69' title='bbox 1553 900 1754 979; x_wconf 90' lang='lat' dir='ltr'><strong>(proh</strong></span> <span class='ocrx_word' id='word_1_70' title='bbox 1805 900 2026 982; x_wconf 90' lang='lat' dir='ltr'><strong>dolor)</strong></span> 
     </span>
     <span class='ocr_line' id='line_1_11' title="bbox 298 980 2024 1062; baseline 0.003 -23"><span class='ocrx_word' id='word_1_71' title='bbox 298 980 552 1042; x_wconf 80' lang='lat' dir='ltr'><strong>affumfit</strong></span> <span class='ocrx_word' id='word_1_72' title='bbox 599 983 887 1062; x_wconf 90' lang='lat' dir='ltr'><strong>Johannes</strong></span> <span class='ocrx_word' id='word_1_73' title='bbox 934 983 1204 1044; x_wconf 86' lang='lat' dir='ltr'><strong>Calvinus</strong></span> <span class='ocrx_word' id='word_1_74' title='bbox 1252 982 1366 1059; x_wconf 88' lang='lat' dir='ltr'><strong>(vir</strong></span> <span class='ocrx_word' id='word_1_75' title='bbox 1413 980 1638 1041; x_wconf 70' lang='lat' dir='ltr'><strong>aliunde</strong></span> <span class='ocrx_word' id='word_1_76' title='bbox 1682 980 1876 1040; x_wconf 87' lang='lat' dir='ltr'><strong>multis</strong></span> <span class='ocrx_word' id='word_1_77' title='bbox 1918 1004 2024 1044; x_wconf 88' lang='lat' dir='ltr'><strong>no-</strong></span> 
     </span>
     <span class='ocr_line' id='line_1_12' title="bbox 298 1062 2025 1144; baseline 0.002 -23"><span class='ocrx_word' id='word_1_78' title='bbox 298 1062 549 1123; x_wconf 87' lang='lat' dir='ltr'><strong>minibus</strong></span> <span class='ocrx_word' id='word_1_79' title='bbox 599 1064 1108 1144; x_wconf 86' lang='lat' dir='ltr'><strong>commendandus)</strong></span> <span class='ocrx_word' id='word_1_80' title='bbox 1148 1085 1266 1144; x_wconf 93' lang='lat' dir='ltr'><strong>quo</strong></span> <span class='ocrx_word' id='word_1_81' title='bbox 1302 1082 1510 1122; x_wconf 91' lang='lat' dir='ltr'><strong>nomen</strong></span> <span class='ocrx_word' id='word_1_82' title='bbox 1559 1063 1721 1120; x_wconf 85' lang='lat' dir='ltr'><strong>suum</strong></span> <span class='ocrx_word' id='word_1_83' title='bbox 1770 1063 2025 1124; x_wconf 78' lang='lat' dir='ltr'><strong>multum</strong></span> 
     </span>
     <span class='ocr_line' id='line_1_13' title="bbox 297 1140 2025 1232; baseline -0.001 -27"><span class='ocrx_word' id='word_1_84' title='bbox 297 1142 527 1205; x_wconf 87' lang='lat' dir='ltr'><strong>infecit:</strong></span> <span class='ocrx_word' id='word_1_85' title='bbox 572 1144 632 1203; x_wconf 75' lang='grc' dir='ltr'><strong>δε</strong></span> <span class='ocrx_word' id='word_1_86' title='bbox 683 1146 835 1232; x_wconf 86' lang='lat' dir='ltr'><strong>cujus</strong></span> <span class='ocrx_word' id='word_1_87' title='bbox 873 1146 1151 1206; x_wconf 63' lang='lat' dir='ltr'><strong>doctrinae</strong></span> <span class='ocrx_word' id='word_1_88' title='bbox 1188 1143 1506 1205; x_wconf 81' lang='lat' dir='ltr'><strong>defensione</strong></span> <span class='ocrx_word' id='word_1_89' title='bbox 1534 1143 1597 1201; x_wconf 86' lang='lat'>&amp;</span> <span class='ocrx_word' id='word_1_90' title='bbox 1624 1140 2025 1204; x_wconf 86' lang='lat' dir='ltr'><strong>Christiana&amp;</strong></span> 
     </span>
     <span class='ocr_line' id='line_1_14' title="bbox 300 1223 2027 1317; baseline 0.002 -33"><span class='ocrx_word' id='word_1_91' title='bbox 300 1223 746 1286; x_wconf 89' lang='lat' dir='ltr'><strong>Protestantium</strong></span> <span class='ocrx_word' id='word_1_92' title='bbox 806 1228 1010 1307; x_wconf 90' lang='lat' dir='ltr'><strong>religio</strong></span> <span class='ocrx_word' id='word_1_93' title='bbox 1059 1225 1413 1317; x_wconf 74' lang='lat' dir='ltr'><strong>magnopere</strong></span> <span class='ocrx_word' id='word_1_94' title='bbox 1470 1223 1816 1294; x_wconf 83' lang='lat' dir='ltr'><strong>defamatur,</strong></span> <span class='ocrx_word' id='word_1_95' title='bbox 1877 1227 2027 1287; x_wconf 87' lang='lat' dir='ltr'><strong>mul-</strong></span> 
     </span>
     <span class='ocr_line' id='line_1_15' title="bbox 299 1303 2026 1387; baseline 0.003 -25"><span class='ocrx_word' id='word_1_96' title='bbox 299 1304 479 1384; x_wconf 91' lang='lat' dir='ltr'><strong>tisque</strong></span> <span class='ocrx_word' id='word_1_97' title='bbox 501 1307 691 1366; x_wconf 89' lang='lat' dir='ltr'><strong>odiosa</strong></span> <span class='ocrx_word' id='word_1_98' title='bbox 730 1308 950 1367; x_wconf 88' lang='lat' dir='ltr'><strong>reddita</strong></span> <span class='ocrx_word' id='word_1_99' title='bbox 979 1309 1057 1368; x_wconf 91' lang='lat' dir='ltr'><strong>est</strong></span> <span class='ocrx_word' id='word_1_100' title='bbox 1085 1335 1102 1376; x_wconf 89' lang='lat'><strong>·,</strong></span> <span class='ocrx_word' id='word_1_101' title='bbox 1146 1309 1279 1368; x_wconf 85' lang='lat' dir='ltr'><strong>hcet</strong></span> <span class='ocrx_word' id='word_1_102' title='bbox 1308 1303 1778 1366; x_wconf 84' lang='lat' dir='ltr'><strong>Dordrechtenfis</strong></span> <span class='ocrx_word' id='word_1_103' title='bbox 1805 1306 2026 1387; x_wconf 88' lang='lat' dir='ltr'><strong>Synodi</strong></span> 
     </span>
     <span class='ocr_line' id='line_1_16' title="bbox 296 1383 2024 1468; baseline 0.003 -26"><span class='ocrx_word' id='word_1_104' title='bbox 296 1386 540 1446; x_wconf 88' lang='lat' dir='ltr'><strong>decretis</strong></span> <span class='ocrx_word' id='word_1_105' title='bbox 581 1405 946 1468; x_wconf 88' lang='lat' dir='ltr'><strong>propugnata</strong></span> <span class='ocrx_word' id='word_1_106' title='bbox 969 1391 1053 1448; x_wconf 88' lang='lat' dir='ltr'><strong>fit.</strong></span> <span class='ocrx_word' id='word_1_107' title='bbox 1141 1388 1366 1449; x_wconf 88' lang='lat' dir='ltr'><strong>Exinde</strong></span> <span class='ocrx_word' id='word_1_108' title='bbox 1408 1404 1599 1448; x_wconf 89' lang='lat' dir='ltr'><strong>tamen</strong></span> <span class='ocrx_word' id='word_1_109' title='bbox 1645 1383 1831 1444; x_wconf 72' lang='lat' dir='ltr'><strong>minus</strong></span> <span class='ocrx_word' id='word_1_110' title='bbox 1864 1386 2024 1448; x_wconf 87' lang='lat' dir='ltr'><strong>inva-</strong></span> 
     </span>
     <span class='ocr_line' id='line_1_17' title="bbox 298 1459 2025 1548; baseline 0.003 -25"><span class='ocrx_word' id='word_1_111' title='bbox 298 1459 425 1536; x_wconf 86' lang='lat' dir='ltr'><strong>luit,</strong></span> <span class='ocrx_word' id='word_1_112' title='bbox 493 1469 783 1548; x_wconf 84' lang='lat' dir='ltr'><strong>magisque</strong></span> <span class='ocrx_word' id='word_1_113' title='bbox 826 1470 1000 1529; x_wconf 89' lang='lat' dir='ltr'><strong>indies</strong></span> <span class='ocrx_word' id='word_1_114' title='bbox 1038 1471 1069 1528; x_wconf 66' lang='grc' dir='ltr'>ὲ</span> <span class='ocrx_word' id='word_1_115' title='bbox 1131 1469 1348 1548; x_wconf 88' lang='lat' dir='ltr'><strong>majore</strong></span> <span class='ocrx_word' id='word_1_116' title='bbox 1403 1484 1566 1548; x_wconf 90' lang='lat' dir='ltr'><strong>parte</strong></span> <span class='ocrx_word' id='word_1_117' title='bbox 1607 1466 1918 1526; x_wconf 60' lang='lat' dir='ltr'><strong>doctorum</strong></span> <span class='ocrx_word' id='word_1_118' title='bbox 1960 1469 2025 1529; x_wconf 76' lang='grc' dir='ltr'><strong>δε</strong></span> 
     </span>
     <span class='ocr_line' id='line_1_18' title="bbox 297 1546 2026 1626; baseline 0.003 -23"><span class='ocrx_word' id='word_1_119' title='bbox 297 1546 532 1626; x_wconf 89' lang='lat' dir='ltr'><strong>piorum</strong></span> <span class='ocrx_word' id='word_1_120' title='bbox 582 1548 881 1607; x_wconf 89' lang='lat' dir='ltr'><strong>hominum</strong></span> <span class='ocrx_word' id='word_1_121' title='bbox 912 1550 967 1607; x_wconf 92' lang='lat' dir='ltr'><strong>in</strong></span> <span class='ocrx_word' id='word_1_122' title='bbox 995 1551 1262 1610; x_wconf 88' lang='lat' dir='ltr'><strong>omnibus</strong></span> <span class='ocrx_word' id='word_1_123' title='bbox 1297 1548 1540 1610; x_wconf 87' lang='lat' dir='ltr'><strong>ecclefiis</strong></span> <span class='ocrx_word' id='word_1_124' title='bbox 1570 1547 2026 1609; x_wconf 76' lang='lat' dir='ltr'><strong>Protestantibus</strong></span> 
     </span>
     <span class='ocr_line' id='line_1_19' title="bbox 297 1627 2022 1713; baseline 0.003 -28"><span class='ocrx_word' id='word_1_125' title='bbox 297 1627 665 1706; x_wconf 86' lang='lat' dir='ltr'><strong>exploditur:</strong></span> <span class='ocrx_word' id='word_1_126' title='bbox 731 1649 846 1687; x_wconf 93' lang='lat' dir='ltr'><strong>non</strong></span> <span class='ocrx_word' id='word_1_127' title='bbox 890 1645 1079 1692; x_wconf 89' lang='lat' dir='ltr'><strong>tamen</strong></span> <span class='ocrx_word' id='word_1_128' title='bbox 1125 1630 1254 1689; x_wconf 90' lang='lat' dir='ltr'><strong>ideo</strong></span> <span class='ocrx_word' id='word_1_129' title='bbox 1283 1631 1644 1713; x_wconf 86' lang='lat' dir='ltr'><strong>rejiciendam</strong></span> <span class='ocrx_word' id='word_1_130' title='bbox 1672 1627 2022 1691; x_wconf 84' lang='lat' dir='ltr'><strong>existimare-</strong></span> 
     </span>
     <span class='ocr_line' id='line_1_20' title="bbox 297 1708 2024 1790; baseline 0.003 -24"><span class='ocrx_word' id='word_1_131' title='bbox 297 1729 447 1779; x_wconf 82' lang='lat' dir='ltr'><strong>muS,</strong></span> <span class='ocrx_word' id='word_1_132' title='bbox 496 1710 654 1790; x_wconf 91' lang='lat' dir='ltr'><strong>quod</strong></span> <span class='ocrx_word' id='word_1_133' title='bbox 680 1710 750 1769; x_wconf 89' lang='lat' dir='ltr'><strong>de</strong></span> <span class='ocrx_word' id='word_1_134' title='bbox 778 1710 840 1768; x_wconf 63' lang='lat' dir='ltr'><strong>ea</strong></span> <span class='ocrx_word' id='word_1_135' title='bbox 869 1727 1092 1770; x_wconf 89' lang='lat' dir='ltr'><strong>veteres</strong></span> <span class='ocrx_word' id='word_1_136' title='bbox 1134 1710 1427 1782; x_wconf 76' lang='lat' dir='ltr'><strong>siluerunt,</strong></span> <span class='ocrx_word' id='word_1_137' title='bbox 1471 1710 1566 1769; x_wconf 88' lang='lat' dir='ltr'><strong>vel</strong></span> <span class='ocrx_word' id='word_1_138' title='bbox 1596 1709 1754 1789; x_wconf 92' lang='lat' dir='ltr'><strong>quod</strong></span> <span class='ocrx_word' id='word_1_139' title='bbox 1772 1708 1801 1767; x_wconf 68' lang='lat' dir='ltr'><strong>a</strong></span> <span class='ocrx_word' id='word_1_140' title='bbox 1827 1711 2024 1790; x_wconf 86' lang='lat' dir='ltr'><strong>paucis</strong></span> 
     </span>
     <span class='ocr_line' id='line_1_21' title="bbox 296 1789 2019 1872; baseline 0.003 -24"><span class='ocrx_word' id='word_1_141' title='bbox 296 1807 726 1870; x_wconf 83' lang='lat' dir='ltr'><strong>propugnatur,</strong></span> <span class='ocrx_word' id='word_1_142' title='bbox 770 1792 862 1851; x_wconf 90' lang='lat' dir='ltr'><strong>vel</strong></span> <span class='ocrx_word' id='word_1_143' title='bbox 901 1793 1060 1872; x_wconf 89' lang='lat' dir='ltr'><strong>quod</strong></span> <span class='ocrx_word' id='word_1_144' title='bbox 1096 1792 1125 1850; x_wconf 73' lang='lat' dir='ltr'><strong>a</strong></span> <span class='ocrx_word' id='word_1_145' title='bbox 1177 1793 1361 1852; x_wconf 64' lang='lat' dir='ltr'><strong>doctis</strong></span> <span class='ocrx_word' id='word_1_146' title='bbox 1407 1805 1803 1872; x_wconf 87' lang='lat' dir='ltr'><strong>oppugnatur,</strong></span> <span class='ocrx_word' id='word_1_147' title='bbox 1848 1789 1890 1850; x_wconf 87' lang='lat' dir='ltr'><strong>fi</strong></span> <span class='ocrx_word' id='word_1_148' title='bbox 1934 1793 2019 1853; x_wconf 87' lang='lat' dir='ltr'><strong>ul-</strong></span> 
     </span>
     <span class='ocr_line' id='line_1_22' title="bbox 296 1871 2024 1945; baseline 0.003 -15"><span class='ocrx_word' id='word_1_149' title='bbox 296 1871 420 1930; x_wconf 88' lang='lat' dir='ltr'><strong>lum</strong></span> <span class='ocrx_word' id='word_1_150' title='bbox 448 1871 691 1931; x_wconf 90' lang='lat' dir='ltr'><strong>solidum</strong></span> <span class='ocrx_word' id='word_1_151' title='bbox 723 1872 778 1930; x_wconf 91' lang='lat' dir='ltr'><strong>in</strong></span> <span class='ocrx_word' id='word_1_152' title='bbox 814 1873 978 1933; x_wconf 92' lang='lat' dir='ltr'><strong>sacris</strong></span> <span class='ocrx_word' id='word_1_153' title='bbox 1000 1873 1177 1934; x_wconf 89' lang='lat' dir='ltr'><strong>literis</strong></span> <span class='ocrx_word' id='word_1_154' title='bbox 1211 1873 1646 1934; x_wconf 88' lang='lat' dir='ltr'><strong>fundamentum</strong></span> <span class='ocrx_word' id='word_1_155' title='bbox 1673 1871 1930 1945; x_wconf 84' lang='lat' dir='ltr'><strong>haberet,</strong></span> <span class='ocrx_word' id='word_1_156' title='bbox 1959 1874 2024 1935; x_wconf 85' lang='lat'>&amp;</span> 
     </span>
     <span class='ocr_line' id='line_1_23' title="bbox 297 1953 2022 2036; baseline 0.004 -27"><span class='ocrx_word' id='word_1_157' title='bbox 297 1973 413 2010; x_wconf 91' lang='lat' dir='ltr'><strong>non</strong></span> <span class='ocrx_word' id='word_1_158' title='bbox 443 1975 601 2033; x_wconf 80' lang='lat' dir='ltr'><strong>quam</strong></span> <span class='ocrx_word' id='word_1_159' title='bbox 642 1956 872 2013; x_wconf 74' lang='lat' dir='ltr'><strong>maxime?</strong></span> <span class='ocrx_word' id='word_1_160' title='bbox 910 1957 1157 2036; x_wconf 76' lang='lat' dir='ltr'><strong>injuriofh</strong></span> <span class='ocrx_word' id='word_1_161' title='bbox 1183 1956 1298 2035; x_wconf 75' lang='lat' dir='ltr'><strong>cffit</strong></span> <span class='ocrx_word' id='word_1_162' title='bbox 1338 1956 1407 2017; x_wconf 50' lang='grc' dir='ltr'><strong>ξς)</strong></span> <span class='ocrx_word' id='word_1_163' title='bbox 1428 1956 1525 2034; x_wconf 83' lang='lat' dir='ltr'><strong>ipfi</strong></span> <span class='ocrx_word' id='word_1_164' title='bbox 1549 1955 1684 2035; x_wconf 79' lang='lat' dir='ltr'><strong>DeO,</strong></span> <span class='ocrx_word' id='word_1_165' title='bbox 1718 1953 1788 2015; x_wconf 54' lang='grc' dir='ltr'><strong>ὅ)</strong></span> <span class='ocrx_word' id='word_1_166' title='bbox 1811 1954 2022 2032; x_wconf 86' lang='lat' dir='ltr'><strong>Christo</strong></span> 
     </span>
     <span class='ocr_line' id='line_1_24' title="bbox 297 2034 2016 2113; baseline 0.003 -22"><span class='ocrx_word' id='word_1_167' title='bbox 297 2034 597 2105; x_wconf 74' lang='lat' dir='ltr'><strong>salvatori,</strong></span> <span class='ocrx_word' id='word_1_168' title='bbox 645 2058 707 2093; x_wconf 85' lang='lat' dir='ltr'><strong>ac</strong></span> <span class='ocrx_word' id='word_1_169' title='bbox 742 2036 1082 2113; x_wconf 83' lang='lat' dir='ltr'><strong>Redemptori</strong></span> <span class='ocrx_word' id='word_1_170' title='bbox 1128 2039 1316 2112; x_wconf 82' lang='lat' dir='ltr'><strong>nostro,</strong></span> <span class='ocrx_word' id='word_1_171' title='bbox 1370 2058 1462 2098; x_wconf 84' lang='lat' dir='ltr'><strong>nec</strong></span> <span class='ocrx_word' id='word_1_172' title='bbox 1500 2057 1602 2095; x_wconf 88' lang='lat' dir='ltr'><strong>non</strong></span> <span class='ocrx_word' id='word_1_173' title='bbox 1642 2035 1783 2095; x_wconf 85' lang='lat' dir='ltr'><strong>beati</strong></span> <span class='ocrx_word' id='word_1_174' title='bbox 1819 2037 2016 2096; x_wconf 87' lang='lat' dir='ltr'><strong>Evan-</strong></span> 
     </span>
     <span class='ocr_line' id='line_1_25' title="bbox 290 2115 2015 2200; baseline 0.003 -27"><span class='ocrx_word' id='word_1_175' title='bbox 290 2115 418 2193; x_wconf 77' lang='lat' dir='ltr'><strong>gelii</strong></span> <span class='ocrx_word' id='word_1_176' title='bbox 462 2118 656 2175; x_wconf 84' lang='lat' dir='ltr'><strong>virtuti</strong></span> <span class='ocrx_word' id='word_1_177' title='bbox 711 2138 773 2175; x_wconf 82' lang='lat' dir='ltr'><strong>ac</strong></span> <span class='ocrx_word' id='word_1_178' title='bbox 819 2118 1104 2189; x_wconf 84' lang='lat' dir='ltr'><strong>nobilitati,</strong></span> <span class='ocrx_word' id='word_1_179' title='bbox 1169 2119 1240 2179; x_wconf 67' lang='lat'><strong>69²</strong></span> <span class='ocrx_word' id='word_1_180' title='bbox 1289 2118 1503 2200; x_wconf 83' lang='lat' dir='ltr'><strong>denique</strong></span> <span class='ocrx_word' id='word_1_181' title='bbox 1527 2119 1624 2178; x_wconf 87' lang='lat' dir='ltr'><strong>toti</strong></span> <span class='ocrx_word' id='word_1_182' title='bbox 1661 2116 1889 2176; x_wconf 84' lang='lat' dir='ltr'><strong>humano</strong></span> <span class='ocrx_word' id='word_1_183' title='bbox 1925 2140 2015 2199; x_wconf 82' lang='lat' dir='ltr'><strong>ge-</strong></span> 
     </span>
     <span class='ocr_line' id='line_1_26' title="bbox 294 2216 427 2255; baseline 0.008 -1"><span class='ocrx_word' id='word_1_184' title='bbox 294 2216 427 2255; x_wconf 82' lang='lat' dir='ltr'><strong>nerz.</strong></span> 
     </span>
     <span class='ocr_line' id='line_1_27' title="bbox 288 2279 2016 2362; baseline 0.002 -27"><span class='ocrx_word' id='word_1_185' title='bbox 288 2348 291 2353; x_wconf 10' lang='lat' dir='ltr'>y</span> <span class='ocrx_word' id='word_1_186' title='bbox 377 2279 451 2336; x_wconf 91' lang='lat' dir='ltr'><strong>II.</strong></span> <span class='ocrx_word' id='word_1_187' title='bbox 499 2279 745 2349; x_wconf 80' lang='lat' dir='ltr'><strong>PRIMO,</strong></span> <span class='ocrx_word' id='word_1_188' title='bbox 810 2281 969 2359; x_wconf 73' lang='lat' dir='ltr'><strong>qucim</strong></span> <span class='ocrx_word' id='word_1_189' title='bbox 1017 2280 1246 2341; x_wconf 64' lang='lat' dir='ltr'><strong>maxime*</strong></span> <span class='ocrx_word' id='word_1_190' title='bbox 1284 2281 1400 2340; x_wconf 87' lang='lat' dir='ltr'><strong>Deo</strong></span> <span class='ocrx_word' id='word_1_191' title='bbox 1439 2281 1688 2362; x_wconf 78' lang='lat' dir='ltr'><strong>injuriostz</strong></span> <span class='ocrx_word' id='word_1_192' title='bbox 1724 2279 1839 2354; x_wconf 74' lang='lat' dir='ltr'><strong>est;</strong></span> <span class='ocrx_word' id='word_1_193' title='bbox 1924 2279 2016 2343; x_wconf 86' lang='lat' dir='ltr'><strong>uia</strong></span> 
     </span>
     <span class='ocr_line' id='line_1_28' title="bbox 295 2356 2016 2442; baseline 0.005 -26"><span class='ocrx_word' id='word_1_194' title='bbox 295 2356 460 2417; x_wconf 85' lang='lat' dir='ltr'><strong>illum</strong></span> <span class='ocrx_word' id='word_1_195' title='bbox 505 2360 721 2438; x_wconf 91' lang='lat' dir='ltr'><strong>peccati</strong></span> <span class='ocrx_word' id='word_1_196' title='bbox 748 2363 1050 2420; x_wconf 89' lang='lat' dir='ltr'><strong>authorem</strong></span> <span class='ocrx_word' id='word_1_197' title='bbox 1072 2361 1267 2432; x_wconf 89' lang='lat' dir='ltr'><strong>efficit,</strong></span> <span class='ocrx_word' id='word_1_198' title='bbox 1311 2382 1429 2442; x_wconf 92' lang='lat' dir='ltr'><strong>quo</strong></span> <span class='ocrx_word' id='word_1_199' title='bbox 1467 2361 1608 2422; x_wconf 87' lang='lat' dir='ltr'><strong>nihil</strong></span> <span class='ocrx_word' id='word_1_200' title='bbox 1650 2375 1872 2421; x_wconf 88' lang='lat' dir='ltr'><strong>naturae</strong></span> <span class='ocrx_word' id='word_1_201' title='bbox 1925 2382 2016 2424; x_wconf 84' lang='lat' dir='ltr'><strong>uae</strong></span> 
     </span>
     <span class='ocr_line' id='line_1_29' title="bbox 297 2439 2016 2525; baseline 0.003 -26"><span class='ocrx_word' id='word_1_202' title='bbox 297 2439 480 2519; x_wconf 89' lang='lat' dir='ltr'><strong>magis</strong></span> <span class='ocrx_word' id='word_1_203' title='bbox 508 2440 856 2500; x_wconf 90' lang='lat' dir='ltr'><strong>contrarium</strong></span> <span class='ocrx_word' id='word_1_204' title='bbox 878 2444 984 2502; x_wconf 86' lang='lat' dir='ltr'><strong>effe</strong></span> <span class='ocrx_word' id='word_1_205' title='bbox 1007 2442 1212 2521; x_wconf 87' lang='lat' dir='ltr'><strong>potest.</strong></span> <span class='ocrx_word' id='word_1_206' title='bbox 1295 2444 1510 2504; x_wconf 90' lang='lat' dir='ltr'><strong>Fateor</strong></span> <span class='ocrx_word' id='word_1_207' title='bbox 1545 2442 1710 2525; x_wconf 89' lang='lat' dir='ltr'><strong>hujus</strong></span> <span class='ocrx_word' id='word_1_208' title='bbox 1735 2440 2016 2505; x_wconf 78' lang='lat' dir='ltr'><strong>doc&#39;trinae</strong></span> 
     </span>
     <span class='ocr_line' id='line_1_30' title="bbox 296 2521 2016 2604; baseline 0.003 -24"><span class='ocrx_word' id='word_1_209' title='bbox 296 2522 685 2580; x_wconf 79' lang='lat' dir='ltr'><strong>affirmatores¹</strong></span> <span class='ocrx_word' id='word_1_210' title='bbox 719 2521 864 2582; x_wconf 87' lang='lat' dir='ltr'><strong>hanc</strong></span> <span class='ocrx_word' id='word_1_211' title='bbox 923 2523 1378 2603; x_wconf 84' lang='lat' dir='ltr'><strong>consequentiam</strong></span> <span class='ocrx_word' id='word_1_212' title='bbox 1431 2544 1695 2604; x_wconf 85' lang='lat' dir='ltr'><strong>negare;</strong></span> <span class='ocrx_word' id='word_1_213' title='bbox 1756 2521 1852 2581; x_wconf 88' lang='lat' dir='ltr'><strong>sed</strong></span> <span class='ocrx_word' id='word_1_214' title='bbox 1902 2524 2016 2585; x_wconf 88' lang='lat' dir='ltr'><strong>hoc</strong></span> 
     </span>
     <span class='ocr_line' id='line_1_31' title="bbox 296 2602 2017 2683; baseline 0.003 -22"><span class='ocrx_word' id='word_1_215' title='bbox 296 2602 437 2661; x_wconf 84' lang='lat' dir='ltr'><strong>nihil</strong></span> <span class='ocrx_word' id='word_1_216' title='bbox 481 2602 559 2661; x_wconf 89' lang='lat' dir='ltr'><strong>est</strong></span> <span class='ocrx_word' id='word_1_217' title='bbox 597 2602 697 2662; x_wconf 81' lang='lat' dir='ltr'><strong>nisi</strong></span> <span class='ocrx_word' id='word_1_218' title='bbox 742 2625 888 2683; x_wconf 90' lang='lat' dir='ltr'><strong>pura</strong></span> <span class='ocrx_word' id='word_1_219' title='bbox 908 2603 1119 2674; x_wconf 86' lang='lat' dir='ltr'><strong>illufiO,</strong></span> <span class='ocrx_word' id='word_1_220' title='bbox 1163 2608 1300 2664; x_wconf 73' lang='lat' dir='ltr'><strong>cum</strong></span> <span class='ocrx_word' id='word_1_221' title='bbox 1320 2604 1399 2665; x_wconf 90' lang='lat' dir='ltr'><strong>ita</strong></span> <span class='ocrx_word' id='word_1_222' title='bbox 1426 2604 1629 2666; x_wconf 69' lang='lat' dir='ltr'><strong>diserte</strong></span> <span class='ocrx_word' id='word_1_223' title='bbox 1655 2624 1726 2663; x_wconf 87' lang='lat' dir='ltr'><strong>ex</strong></span> <span class='ocrx_word' id='word_1_224' title='bbox 1753 2602 2017 2666; x_wconf 59' lang='lat' dir='ltr'><strong>doctrina</strong></span> 
     </span>
     <span class='ocr_line' id='line_1_32' title="bbox 296 2683 2016 2768; baseline 0.005 -27"><span class='ocrx_word' id='word_1_225' title='bbox 296 2684 389 2742; x_wconf 68' lang='lat' dir='ltr'><strong>sua</strong></span> <span class='ocrx_word' id='word_1_226' title='bbox 432 2683 695 2763; x_wconf 89' lang='lat' dir='ltr'><strong>pendeat,</strong></span> <span class='ocrx_word' id='word_1_227' title='bbox 738 2706 841 2744; x_wconf 92' lang='lat' dir='ltr'><strong>nec</strong></span> <span class='ocrx_word' id='word_1_228' title='bbox 877 2685 1061 2748; x_wconf 85' lang='lat' dir='ltr'><strong>minus</strong></span> <span class='ocrx_word' id='word_1_229' title='bbox 1097 2683 1401 2745; x_wconf 91' lang='lat' dir='ltr'><strong>ridiculum</strong></span> <span class='ocrx_word' id='word_1_230' title='bbox 1448 2686 1538 2758; x_wconf 84' lang='lat' dir='ltr'><strong>fit,</strong></span> <span class='ocrx_word' id='word_1_231' title='bbox 1583 2703 1759 2768; x_wconf 87' lang='lat' dir='ltr'><strong>quam</strong></span> <span class='ocrx_word' id='word_1_232' title='bbox 1807 2685 1850 2745; x_wconf 92' lang='lat' dir='ltr'><strong>fi</strong></span> <span class='ocrx_word' id='word_1_233' title='bbox 1890 2688 2016 2768; x_wconf 85' lang='lat' dir='ltr'><strong>quis</strong></span> 
     </span>
     <span class='ocr_line' id='line_1_33' title="bbox 342 2765 2086 2846; baseline 0.003 -24"><span class='ocrx_word' id='word_1_234' title='bbox 342 2765 661 2824; x_wconf 89' lang='lat' dir='ltr'><strong>ertinaciter</strong></span> <span class='ocrx_word' id='word_1_235' title='bbox 693 2783 929 2846; x_wconf 83' lang='lat' dir='ltr'><strong>negaret</strong></span> <span class='ocrx_word' id='word_1_236' title='bbox 965 2786 1143 2826; x_wconf 88' lang='lat' dir='ltr'><strong>unum</strong></span> <span class='ocrx_word' id='word_1_237' title='bbox 1181 2767 1242 2826; x_wconf 75' lang='grc' dir='ltr'><strong>δε</strong></span> <span class='ocrx_word' id='word_1_238' title='bbox 1277 2767 1394 2826; x_wconf 91' lang='lat' dir='ltr'><strong>duo</strong></span> <span class='ocrx_word' id='word_1_239' title='bbox 1421 2765 1605 2830; x_wconf 90' lang='lat' dir='ltr'><strong>facere</strong></span> <span class='ocrx_word' id='word_1_240' title='bbox 1641 2766 1766 2829; x_wconf 87' lang='lat' dir='ltr'><strong>tria.</strong></span> <span class='ocrx_word' id='word_1_241' title='bbox 1850 2769 2012 2830; x_wconf 89' lang='lat' dir='ltr'><strong>Nam</strong></span> <span class='ocrx_word' id='word_1_242' title='bbox 2084 2784 2086 2789; x_wconf 81' lang='grc'>’</span> 
     </span>
     <span class='ocr_line' id='line_1_34' title="bbox 296 2785 2086 2930; baseline 0.003 -27"><span class='ocrx_word' id='word_1_243' title='bbox 296 2785 340 2903; x_wconf 64' lang='lat' dir='ltr'><strong>ii</strong></span> <span class='ocrx_word' id='word_1_244' title='bbox 386 2847 540 2905; x_wconf 91' lang='lat' dir='ltr'><strong>Deus</strong></span> <span class='ocrx_word' id='word_1_245' title='bbox 577 2846 829 2906; x_wconf 89' lang='lat' dir='ltr'><strong>decrevit</strong></span> <span class='ocrx_word' id='word_1_246' title='bbox 875 2846 1304 2928; x_wconf 73' lang='lat' dir='ltr'><strong>praedestinatos</strong></span> <span class='ocrx_word' id='word_1_247' title='bbox 1346 2848 1474 2908; x_wconf 92' lang='lat' dir='ltr'><strong>illos</strong></span> <span class='ocrx_word' id='word_1_248' title='bbox 1509 2851 1816 2930; x_wconf 81' lang='lat' dir='ltr'><strong>periturOS,</strong></span> <span class='ocrx_word' id='word_1_249' title='bbox 1846 2849 2011 2909; x_wconf 87' lang='lat' dir='ltr'><strong>nullo</strong></span> <span class='ocrx_word' id='word_1_250' title='bbox 2083 2884 2086 2902; x_wconf 54' lang='grc' dir='ltr'>ι</span> 
     </span>
     <span class='ocr_line' id='line_1_35' title="bbox 297 2927 2009 3012; baseline 0.002 -26"><span class='ocrx_word' id='word_1_251' title='bbox 297 2927 496 2987; x_wconf 87' lang='lat' dir='ltr'><strong>habito</strong></span> <span class='ocrx_word' id='word_1_252' title='bbox 566 2928 855 2987; x_wconf 90' lang='lat' dir='ltr'><strong>malorum</strong></span> <span class='ocrx_word' id='word_1_253' title='bbox 912 2949 1114 2989; x_wconf 90' lang='lat' dir='ltr'><strong>eorum</strong></span> <span class='ocrx_word' id='word_1_254' title='bbox 1162 2930 1425 2989; x_wconf 68' lang='lat' dir='ltr'><strong>actorum</strong></span> <span class='ocrx_word' id='word_1_255' title='bbox 1466 2932 1744 3012; x_wconf 67' lang='lat' dir='ltr'><strong>respectu,</strong></span> <span class='ocrx_word' id='word_1_256' title='bbox 1804 2929 1900 2988; x_wconf 84' lang='lat' dir='ltr'><strong>scd</strong></span> <span class='ocrx_word' id='word_1_257' title='bbox 1935 2949 2009 2989; x_wconf 82' lang='lat' dir='ltr'><strong>ex</strong></span> 
     </span>
     <span class='ocr_line' id='line_1_36' title="bbox 298 3008 2006 3089; baseline 0.001 -22"><span class='ocrx_word' id='word_1_258' title='bbox 298 3029 461 3069; x_wconf 89' lang='lat' dir='ltr'><strong>mero</strong></span> <span class='ocrx_word' id='word_1_259' title='bbox 500 3008 600 3067; x_wconf 91' lang='lat' dir='ltr'><strong>suo</strong></span> <span class='ocrx_word' id='word_1_260' title='bbox 644 3010 997 3089; x_wconf 90' lang='lat' dir='ltr'><strong>beneplacito</strong></span> <span class='ocrx_word' id='word_1_261' title='bbox 1030 3035 1047 3077; x_wconf 79' lang='lat'>3</span> <span class='ocrx_word' id='word_1_262' title='bbox 1092 3009 1153 3068; x_wconf 78' lang='grc' dir='ltr'><strong>δε</strong></span> <span class='ocrx_word' id='word_1_263' title='bbox 1193 3008 1428 3071; x_wconf 88' lang='lat' dir='ltr'><strong>fietiam</strong></span> <span class='ocrx_word' id='word_1_264' title='bbox 1470 3011 1742 3084; x_wconf 82' lang='lat' dir='ltr'><strong>decrevit,</strong></span> <span class='ocrx_word' id='word_1_265' title='bbox 1785 3009 1885 3068; x_wconf 92' lang='lat' dir='ltr'><strong>diu</strong></span> <span class='ocrx_word' id='word_1_266' title='bbox 1906 3029 2006 3069; x_wconf 88' lang='lat' dir='ltr'><strong>an-</strong></span> 
     </span>
     <span class='ocr_line' id='line_1_37' title="bbox 296 3089 2007 3174; baseline 0.002 -28"><span class='ocrx_word' id='word_1_267' title='bbox 296 3105 529 3167; x_wconf 87' lang='lat' dir='ltr'><strong>tequam</strong></span> <span class='ocrx_word' id='word_1_268' title='bbox 565 3089 884 3162; x_wconf 85' lang='lat' dir='ltr'><strong>existerent,</strong></span> <span class='ocrx_word' id='word_1_269' title='bbox 929 3092 1022 3151; x_wconf 87' lang='lat' dir='ltr'><strong>vel</strong></span> <span class='ocrx_word' id='word_1_270' title='bbox 1065 3090 1126 3148; x_wconf 81' lang='lat' dir='ltr'><strong>-in</strong></span> <span class='ocrx_word' id='word_1_271' title='bbox 1163 3090 1349 3172; x_wconf 70' lang='lat' dir='ltr'><strong>aliqua</strong></span> <span class='ocrx_word' id='word_1_272' title='bbox 1397 3093 1706 3174; x_wconf 85' lang='lat' dir='ltr'><strong>capacitate</strong></span> <span class='ocrx_word' id='word_1_273' title='bbox 1743 3089 1858 3149; x_wconf 88' lang='lat' dir='ltr'><strong>five</strong></span> <span class='ocrx_word' id='word_1_274' title='bbox 1900 3091 2007 3150; x_wconf 94' lang='lat' dir='ltr'><strong>bo-</strong></span> 
     </span>
     <span class='ocr_line' id='line_1_38' title="bbox 295 3169 2005 3254; baseline 0.002 -28"><span class='ocrx_word' id='word_1_275' title='bbox 295 3189 437 3227; x_wconf 89' lang='lat' dir='ltr'><strong>num</strong></span> <span class='ocrx_word' id='word_1_276' title='bbox 460 3169 572 3229; x_wconf 90' lang='lat' dir='ltr'><strong>five</strong></span> <span class='ocrx_word' id='word_1_277' title='bbox 600 3171 819 3230; x_wconf 88' lang='lat' dir='ltr'><strong>malum</strong></span> <span class='ocrx_word' id='word_1_278' title='bbox 849 3188 1105 3252; x_wconf 86' lang='lat' dir='ltr'><strong>agerent,</strong></span> <span class='ocrx_word' id='word_1_279' title='bbox 1149 3188 1215 3232; x_wconf 91' lang='lat' dir='ltr'><strong>ut</strong></span> <span class='ocrx_word' id='word_1_280' title='bbox 1251 3173 1305 3233; x_wconf 90' lang='lat' dir='ltr'><strong>in</strong></span> <span class='ocrx_word' id='word_1_281' title='bbox 1335 3173 1719 3254; x_wconf 89' lang='lat' dir='ltr'><strong>iniquitatibus</strong></span> <span class='ocrx_word' id='word_1_282' title='bbox 1747 3170 1855 3231; x_wconf 88' lang='lat' dir='ltr'><strong>illis</strong></span> <span class='ocrx_word' id='word_1_283' title='bbox 1875 3191 2005 3232; x_wconf 87' lang='lat' dir='ltr'><strong>ver-</strong></span> 
     </span>
     <span class='ocr_line' id='line_1_39' title="bbox 294 3248 2006 3329; baseline 0.005 -24"><span class='ocrx_word' id='word_1_284' title='bbox 294 3248 567 3324; x_wconf 85' lang='lat' dir='ltr'><strong>sarentur,</strong></span> <span class='ocrx_word' id='word_1_285' title='bbox 612 3253 813 3329; x_wconf 91' lang='lat' dir='ltr'><strong>quibus</strong></span> <span class='ocrx_word' id='word_1_286' title='bbox 856 3253 1180 3313; x_wconf 72' lang='lat' dir='ltr'><strong>secundario</strong></span> <span class='ocrx_word' id='word_1_287' title='bbox 1220 3254 1294 3313; x_wconf 89' lang='lat' dir='ltr'><strong>ad</strong></span> <span class='ocrx_word' id='word_1_288' title='bbox 1330 3253 1494 3313; x_wconf 91' lang='lat' dir='ltr'><strong>illum</strong></span> <span class='ocrx_word' id='word_1_289' title='bbox 1535 3253 1709 3312; x_wconf 87' lang='lat' dir='ltr'><strong>finem</strong></span> <span class='ocrx_word' id='word_1_290' title='bbox 1765 3251 2006 3313; x_wconf 87' lang='lat' dir='ltr'><strong>ducendi</strong></span> 
     </span>
     <span class='ocr_line' id='line_1_40' title="bbox 294 3328 2000 3414; baseline 0.004 -27"><span class='ocrx_word' id='word_1_291' title='bbox 294 3328 442 3401; x_wconf 89' lang='lat' dir='ltr'><strong>sunt,</strong></span> <span class='ocrx_word' id='word_1_292' title='bbox 486 3329 608 3410; x_wconf 90' lang='lat' dir='ltr'><strong>quis</strong></span> <span class='ocrx_word' id='word_1_293' title='bbox 643 3330 723 3390; x_wconf 91' lang='lat' dir='ltr'><strong>est</strong></span> <span class='ocrx_word' id='word_1_294' title='bbox 751 3332 912 3411; x_wconf 87' lang='lat' dir='ltr'><strong>hujus</strong></span> <span class='ocrx_word' id='word_1_295' title='bbox 940 3334 1158 3414; x_wconf 89' lang='lat' dir='ltr'><strong>primus</strong></span> <span class='ocrx_word' id='word_1_296' title='bbox 1179 3334 1387 3395; x_wconf 87' lang='lat' dir='ltr'><strong>author</strong></span> <span class='ocrx_word' id='word_1_297' title='bbox 1411 3334 1472 3394; x_wconf 86' lang='lat'>&amp;</span> <span class='ocrx_word' id='word_1_298' title='bbox 1491 3331 1672 3407; x_wconf 85' lang='lat' dir='ltr'><strong>causa,</strong></span> <span class='ocrx_word' id='word_1_299' title='bbox 1702 3334 1801 3396; x_wconf 77' lang='lat' dir='ltr'><strong>nisi</strong></span> <span class='ocrx_word' id='word_1_300' title='bbox 1824 3335 2000 3403; x_wconf 83' lang='lat' dir='ltr'><strong>Deus,</strong></span> 
     </span>
    </p>
   </div>
   <div class='ocr_carea' id='block_1_3' title="bbox 1903 3413 2003 3501">
    <p class='ocr_par' dir='ltr' id='par_1_3' title="bbox 1903 3413 2003 3501">
     <span class='ocr_line' id='line_1_41' title="bbox 1903 3413 2003 3501; baseline 0.01 -27"><span class='ocrx_word' id='word_1_301' title='bbox 1903 3413 2003 3501; x_wconf 90' lang='lat' dir='ltr'><strong>qui</strong></span> 
     </span>
    </p>
   </div>
  </div>
 </body>
</html>
