<?xml version="1.0" encoding="UTF-8"?>
<!DOCTYPE html PUBLIC "-//W3C//DTD XHTML 1.0 Transitional//EN"
    "http://www.w3.org/TR/xhtml1/DTD/xhtml1-transitional.dtd">
<html xmlns="http://www.w3.org/1999/xhtml" xml:lang="en" lang="en">
 <head>
  <title>
</title>
<meta http-equiv="Content-Type" content="text/html;charset=utf-8" />
  <meta name='ocr-system' content='tesseract 3.04.00' />
  <meta name='ocr-capabilities' content='ocr_page ocr_carea ocr_par ocr_line ocrx_word'/>
</head>
<body>
  <div class='ocr_page' id='page_1' title='image "./theologiaeverech00barcuoft_0031.png"; bbox 0 0 2086 3640; ppageno 0'>
   <div class='ocr_carea' id='block_1_1' title="bbox 450 104 1802 192">
    <p class='ocr_par' dir='ltr' id='par_1_1' title="bbox 450 104 1802 192">
     <span class='ocr_line' id='line_1_1' title="bbox 450 104 1802 192; baseline 0.004 -26"><span class='ocrx_word' id='word_1_1' title='bbox 450 104 541 167; x_wconf 89' lang='lat' dir='ltr'>De</span> <span class='ocrx_word' id='word_1_2' title='bbox 580 125 709 165; x_wconf 89' lang='lat' dir='ltr'>vero</span> <span class='ocrx_word' id='word_1_3' title='bbox 747 109 1044 187; x_wconf 82' lang='lat' dir='ltr'><em>cognitionis</em></span> <span class='ocrx_word' id='word_1_4' title='bbox 1067 107 1436 185; x_wconf 87' lang='lat' dir='ltr'>fundamento.</span> <span class='ocrx_word' id='word_1_5' title='bbox 1768 134 1802 192; x_wconf 78' lang='lat'><strong>3</strong></span> 
     </span>
    </p>
   </div>
   <div class='ocr_carea' id='block_1_2' title="bbox 0 210 1804 1922">
    <p class='ocr_par' dir='ltr' id='par_1_2' title="bbox 0 210 1804 1922">
     <span class='ocr_line' id='line_1_2' title="bbox 67 210 1803 291; baseline -0.001 -15"><span class='ocrx_word' id='word_1_6' title='bbox 67 214 247 277; x_wconf 86' lang='lat' dir='ltr'>variae</span> <span class='ocrx_word' id='word_1_7' title='bbox 274 215 344 274; x_wconf 92' lang='lat' dir='ltr'>de</span> <span class='ocrx_word' id='word_1_8' title='bbox 380 212 511 272; x_wconf 91' lang='lat' dir='ltr'>Deo</span> <span class='ocrx_word' id='word_1_9' title='bbox 539 210 601 270; x_wconf 88' lang='lat'>&amp;</span> <span class='ocrx_word' id='word_1_10' title='bbox 628 211 937 289; x_wconf 86' lang='lat' dir='ltr'>Religione</span> <span class='ocrx_word' id='word_1_11' title='bbox 966 213 1284 291; x_wconf 76' lang='lat' dir='ltr'>opinioneS,</span> <span class='ocrx_word' id='word_1_12' title='bbox 1330 213 1470 274; x_wconf 88' lang='lat' dir='ltr'>dum</span> <span class='ocrx_word' id='word_1_13' title='bbox 1489 228 1610 274; x_wconf 86' lang='lat' dir='ltr'>tam</span> <span class='ocrx_word' id='word_1_14' title='bbox 1628 218 1803 276; x_wconf 83' lang='lat' dir='ltr'>vacil-</span> 
     </span>
     <span class='ocr_line' id='line_1_3' title="bbox 67 291 1804 357; baseline 0.001 -1"><span class='ocrx_word' id='word_1_15' title='bbox 67 297 318 357; x_wconf 82' lang='lat' dir='ltr'>lantibus</span> <span class='ocrx_word' id='word_1_16' title='bbox 358 291 802 353; x_wconf 84' lang='lat' dir='ltr'>divinationibus</span> <span class='ocrx_word' id='word_1_17' title='bbox 846 293 908 351; x_wconf 87' lang='lat'>&amp;</span> <span class='ocrx_word' id='word_1_18' title='bbox 951 293 1177 354; x_wconf 87' lang='lat' dir='ltr'>incertis</span> <span class='ocrx_word' id='word_1_19' title='bbox 1223 294 1507 356; x_wconf 84' lang='lat' dir='ltr'>sententiis</span> <span class='ocrx_word' id='word_1_20' title='bbox 1555 296 1804 357; x_wconf 87' lang='lat' dir='ltr'>innitun-</span> 
     </span>
     <span class='ocr_line' id='line_1_4' title="bbox 27 373 1800 456; baseline 0.001 -19"><span class='ocrx_word' id='word_1_21' title='bbox 27 374 29 377; x_wconf 70' lang='grc'><strong>’</strong></span> <span class='ocrx_word' id='word_1_22' title='bbox 67 394 184 449; x_wconf 83' lang='lat' dir='ltr'>tur,</span> <span class='ocrx_word' id='word_1_23' title='bbox 232 375 428 437; x_wconf 88' lang='lat' dir='ltr'>multis</span> <span class='ocrx_word' id='word_1_24' title='bbox 457 373 703 455; x_wconf 89' lang='lat' dir='ltr'>negandi</span> <span class='ocrx_word' id='word_1_25' title='bbox 738 373 923 453; x_wconf 89' lang='lat' dir='ltr'>ipsum</span> <span class='ocrx_word' id='word_1_26' title='bbox 954 373 1149 435; x_wconf 88' lang='lat' dir='ltr'>Deum</span> <span class='ocrx_word' id='word_1_27' title='bbox 1180 375 1536 436; x_wconf 79' lang='lat' dir='ltr'>occasionem</span> <span class='ocrx_word' id='word_1_28' title='bbox 1565 380 1800 456; x_wconf 82' lang='lat' dir='ltr'>praebu-</span> 
     </span>
     <span class='ocr_line' id='line_1_5' title="bbox 5 454 1801 540; baseline 0.002 -23"><span class='ocrx_word' id='word_1_29' title='bbox 5 461 10 464; x_wconf 78' lang='grc'><strong>’</strong></span> <span class='ocrx_word' id='word_1_30' title='bbox 63 475 250 519; x_wconf 87' lang='lat' dir='ltr'>erunt.</span> <span class='ocrx_word' id='word_1_31' title='bbox 337 455 539 540; x_wconf 83' lang='lat' dir='ltr'>Qod‚</span> <span class='ocrx_word' id='word_1_32' title='bbox 580 475 717 516; x_wconf 88' lang='lat' dir='ltr'>cum</span> <span class='ocrx_word' id='word_1_33' title='bbox 746 454 942 514; x_wconf 88' lang='lat' dir='ltr'>multis</span> <span class='ocrx_word' id='word_1_34' title='bbox 990 455 1134 528; x_wconf 84' lang='lat' dir='ltr'>aliis,</span> <span class='ocrx_word' id='word_1_35' title='bbox 1181 478 1313 537; x_wconf 87' lang='lat' dir='ltr'>quae</span> <span class='ocrx_word' id='word_1_36' title='bbox 1348 459 1419 517; x_wconf 91' lang='lat' dir='ltr'>de</span> <span class='ocrx_word' id='word_1_37' title='bbox 1462 457 1568 518; x_wconf 66' lang='lat' dir='ltr'>hac</span> <span class='ocrx_word' id='word_1_38' title='bbox 1606 478 1666 517; x_wconf 84' lang='lat' dir='ltr'>re</span> <span class='ocrx_word' id='word_1_39' title='bbox 1687 459 1801 520; x_wconf 85' lang='lat' dir='ltr'>dici</span> 
     </span>
     <span class='ocr_line' id='line_1_6' title="bbox 64 535 1796 620; baseline 0.001 -21"><span class='ocrx_word' id='word_1_40' title='bbox 64 541 317 620; x_wconf 80' lang='lat' dir='ltr'>pofl&#39;unt‚</span> <span class='ocrx_word' id='word_1_41' title='bbox 362 536 592 598; x_wconf 74' lang='lat' dir='ltr'>abunde</span> <span class='ocrx_word' id='word_1_42' title='bbox 641 535 1018 610; x_wconf 84' lang='lat' dir='ltr'>demonstrat,</span> <span class='ocrx_word' id='word_1_43' title='bbox 1080 538 1259 616; x_wconf 67' lang='lat' dir='ltr'>quarn</span> <span class='ocrx_word' id='word_1_44' title='bbox 1288 539 1672 618; x_wconf 87' lang='lat' dir='ltr'>periculosum</span> <span class='ocrx_word' id='word_1_45' title='bbox 1703 543 1796 613; x_wconf 86' lang='lat' dir='ltr'>fit,</span> 
     </span>
     <span class='ocr_line' id='line_1_7' title="bbox 63 616 1799 700; baseline 0.002 -20"><span class='ocrx_word' id='word_1_46' title='bbox 63 622 122 680; x_wconf 89' lang='lat' dir='ltr'>in</span> <span class='ocrx_word' id='word_1_47' title='bbox 151 621 262 682; x_wconf 91' lang='lat' dir='ltr'>hoc</span> <span class='ocrx_word' id='word_1_48' title='bbox 291 619 486 700; x_wconf 87' lang='lat' dir='ltr'>primo</span> <span class='ocrx_word' id='word_1_49' title='bbox 510 617 726 695; x_wconf 39' lang='lat' dir='ltr'>‚limine</span> <span class='ocrx_word' id='word_1_50' title='bbox 768 616 907 677; x_wconf 89' lang='lat' dir='ltr'>falli.</span> <span class='ocrx_word' id='word_1_51' title='bbox 994 617 1305 700; x_wconf 78' lang='lat' dir='ltr'>Qicunque</span> <span class='ocrx_word' id='word_1_52' title='bbox 1321 637 1426 697; x_wconf 90' lang='lat' dir='ltr'>per</span> <span class='ocrx_word' id='word_1_53' title='bbox 1450 635 1667 699; x_wconf 89' lang='lat' dir='ltr'>portam</span> <span class='ocrx_word' id='word_1_54' title='bbox 1695 644 1799 683; x_wconf 85' lang='lat' dir='ltr'>non</span> 
     </span>
     <span class='ocr_line' id='line_1_8' title="bbox 59 698 1797 783; baseline 0.001 -22"><span class='ocrx_word' id='word_1_55' title='bbox 59 703 446 783; x_wconf 86' lang='lat' dir='ltr'>ingrediuntur,</span> <span class='ocrx_word' id='word_1_56' title='bbox 467 703 634 780; x_wconf 8' lang='lat' dir='ltr'>*fures</span> <span class='ocrx_word' id='word_1_57' title='bbox 677 700 747 761; x_wconf 55' lang='grc' dir='ltr'>δέ</span> <span class='ocrx_word' id='word_1_58' title='bbox 777 698 1007 759; x_wconf 89' lang='lat' dir='ltr'>latrones</span> <span class='ocrx_word' id='word_1_59' title='bbox 1037 701 1169 777; x_wconf 66' lang='lat' dir='ltr'>fient</span> <span class='ocrx_word' id='word_1_60' title='bbox 1203 701 1578 762; x_wconf 85' lang='lat' dir='ltr'>existimandi.</span> <span class='ocrx_word' id='word_1_61' title='bbox 1665 705 1797 764; x_wconf 86' lang='lat' dir='ltr'>Cae-</span> 
     </span>
     <span class='ocr_line' id='line_1_9' title="bbox 59 780 1795 864; baseline 0 -20"><span class='ocrx_word' id='word_1_62' title='bbox 59 798 250 862; x_wconf 78' lang='lat' dir='ltr'>terum</span> <span class='ocrx_word' id='word_1_63' title='bbox 279 782 459 863; x_wconf 64' lang='lat' dir='ltr'>quam</span> <span class='ocrx_word' id='word_1_64' title='bbox 505 780 802 842; x_wconf 85' lang='lat' dir='ltr'>neceffaria</span> <span class='ocrx_word' id='word_1_65' title='bbox 824 780 887 840; x_wconf 71' lang='grc' dir='ltr'>δε</span> <span class='ocrx_word' id='word_1_66' title='bbox 913 781 1258 860; x_wconf 83' lang='lat' dir='ltr'>exoptabilis</span> <span class='ocrx_word' id='word_1_67' title='bbox 1287 782 1357 843; x_wconf 87' lang='lat' dir='ltr'>fit</span> <span class='ocrx_word' id='word_1_68' title='bbox 1383 782 1481 843; x_wconf 91' lang='lat' dir='ltr'>illa</span> <span class='ocrx_word' id='word_1_69' title='bbox 1511 784 1795 864; x_wconf 84' lang='lat' dir='ltr'>cognitiO,</span> 
     </span>
     <span class='ocr_line' id='line_1_10' title="bbox 60 862 1796 944; baseline 0.001 -20"><span class='ocrx_word' id='word_1_70' title='bbox 60 885 194 944; x_wconf 89' lang='lat' dir='ltr'>quae</span> <span class='ocrx_word' id='word_1_71' title='bbox 220 864 412 924; x_wconf 89' lang='lat' dir='ltr'>secum</span> <span class='ocrx_word' id='word_1_72' title='bbox 433 862 618 923; x_wconf 85' lang='lat' dir='ltr'>vitam</span> <span class='ocrx_word' id='word_1_73' title='bbox 639 878 916 923; x_wconf 85' lang='lat' dir='ltr'>aeternam</span> <span class='ocrx_word' id='word_1_74' title='bbox 938 863 1194 935; x_wconf 87' lang='lat' dir='ltr'>adducit,</span> <span class='ocrx_word' id='word_1_75' title='bbox 1225 862 1472 923; x_wconf 88' lang='lat' dir='ltr'>ostendit</span> <span class='ocrx_word' id='word_1_76' title='bbox 1500 867 1796 943; x_wconf 68' lang='lat' dir='ltr'>Epittetus,</span> 
     </span>
     <span class='ocr_line' id='line_1_11' title="bbox 60 945 1798 1026; baseline 0 -17"><span class='ocrx_word' id='word_1_77' title='bbox 60 945 338 1026; x_wconf 88' lang='lat' dir='ltr'>inquiens,</span> <span class='ocrx_word' id='word_1_78' title='bbox 405 953 493 1011; x_wconf 66' lang='grc' dir='ltr'>ἴθι</span> <span class='ocrx_word' id='word_1_79' title='bbox 530 954 608 1009; x_wconf 70' lang='grc' dir='ltr'>ὅτι</span> <span class='ocrx_word' id='word_1_80' title='bbox 646 956 706 1008; x_wconf 68' lang='grc' dir='ltr'>τὸ</span> <span class='ocrx_word' id='word_1_81' title='bbox 750 951 1063 1024; x_wconf 64' lang='grc' dir='ltr'><strong><em>Κυμῶτωτον,</em></strong></span> <span class='ocrx_word' id='word_1_82' title='bbox 1098 956 1191 1004; x_wconf 84' lang='lat' dir='ltr'>&amp;c·</span> <span class='ocrx_word' id='word_1_83' title='bbox 1289 948 1425 1005; x_wconf 85' lang='lat' dir='ltr'>Scito</span> <span class='ocrx_word' id='word_1_84' title='bbox 1473 950 1798 1026; x_wconf 79' lang='lat' dir='ltr'>principium</span> 
     </span>
     <span class='ocr_line' id='line_1_12' title="bbox 39 1026 1803 1110; baseline 0.002 -24"><span class='ocrx_word' id='word_1_85' title='bbox 39 1027 551 1109; x_wconf 83' lang='lat' dir='ltr'>fundamentumque</span> <span class='ocrx_word' id='word_1_86' title='bbox 594 1031 812 1107; x_wconf 88' lang='lat' dir='ltr'>pietatis</span> <span class='ocrx_word' id='word_1_87' title='bbox 843 1030 936 1088; x_wconf 85' lang='lat' dir='ltr'>hoc</span> <span class='ocrx_word' id='word_1_88' title='bbox 967 1029 1080 1110; x_wconf 69' lang='lat' dir='ltr'>effe,</span> <span class='ocrx_word' id='word_1_89' title='bbox 1126 1026 1319 1088; x_wconf 87' lang='lat' dir='ltr'>habere</span> <span class='ocrx_word' id='word_1_90' title='bbox 1359 1033 1803 1105; x_wconf 61' lang='grc' dir='ltr'>ὅςᾶοὲςῦπολῆψεις,</span> 
     </span>
     <span class='ocr_line' id='line_1_13' title="bbox 58 1109 1797 1189; baseline 0.001 -23"><span class='ocrx_word' id='word_1_91' title='bbox 58 1109 94 1166; x_wconf 90' lang='lat' dir='ltr'>i.</span> <span class='ocrx_word' id='word_1_92' title='bbox 139 1130 188 1168; x_wconf 90' lang='lat' dir='ltr'>e.</span> <span class='ocrx_word' id='word_1_93' title='bbox 231 1117 404 1171; x_wconf 66' lang='lat' dir='ltr'>retias</span> <span class='ocrx_word' id='word_1_94' title='bbox 437 1114 693 1189; x_wconf 81' lang='lat' dir='ltr'>opiniones</span> <span class='ocrx_word' id='word_1_95' title='bbox 738 1110 807 1171; x_wconf 52' lang='grc' dir='ltr'>δέ</span> <span class='ocrx_word' id='word_1_96' title='bbox 857 1111 1279 1189; x_wconf 82' lang='lat' dir='ltr'>apprehenstones</span> <span class='ocrx_word' id='word_1_97' title='bbox 1322 1109 1385 1168; x_wconf 86' lang='lat' dir='ltr'>de</span> <span class='ocrx_word' id='word_1_98' title='bbox 1431 1111 1563 1168; x_wconf 90' lang='lat' dir='ltr'>Deo.</span> <span class='ocrx_word' id='word_1_99' title='bbox 1651 1111 1797 1168; x_wconf 89' lang='lat' dir='ltr'>Hoc</span> 
     </span>
     <span class='ocr_line' id='line_1_14' title="bbox 56 1189 1797 1272; baseline 0.002 -25"><span class='ocrx_word' id='word_1_100' title='bbox 56 1189 236 1269; x_wconf 83' lang='lat' dir='ltr'>igitur</span> <span class='ocrx_word' id='word_1_101' title='bbox 284 1191 605 1253; x_wconf 87' lang='lat' dir='ltr'>existimavi</span> <span class='ocrx_word' id='word_1_102' title='bbox 661 1190 820 1272; x_wconf 89' lang='lat' dir='ltr'>quafi</span> <span class='ocrx_word' id='word_1_103' title='bbox 869 1193 1127 1272; x_wconf 89' lang='lat' dir='ltr'>primum</span> <span class='ocrx_word' id='word_1_104' title='bbox 1188 1190 1544 1269; x_wconf 88' lang='lat' dir='ltr'>postulatum</span> <span class='ocrx_word' id='word_1_105' title='bbox 1600 1191 1797 1269; x_wconf 89' lang='lat' dir='ltr'>primo</span> 
     </span>
     <span class='ocr_line' id='line_1_15' title="bbox 55 1271 1794 1354; baseline 0 -24"><span class='ocrx_word' id='word_1_106' title='bbox 55 1271 189 1330; x_wconf 90' lang='lat' dir='ltr'>loco</span> <span class='ocrx_word' id='word_1_107' title='bbox 218 1271 650 1345; x_wconf 86' lang='lat' dir='ltr'>affirmandum,</span> <span class='ocrx_word' id='word_1_108' title='bbox 696 1273 854 1354; x_wconf 91' lang='lat' dir='ltr'>quod</span> <span class='ocrx_word' id='word_1_109' title='bbox 884 1277 975 1350; x_wconf 88' lang='lat' dir='ltr'>(ut</span> <span class='ocrx_word' id='word_1_110' title='bbox 1001 1274 1237 1354; x_wconf 83' lang='lat' dir='ltr'>opinor)</span> <span class='ocrx_word' id='word_1_111' title='bbox 1270 1272 1554 1351; x_wconf 88' lang='lat' dir='ltr'>ampliore</span> <span class='ocrx_word' id='word_1_112' title='bbox 1596 1273 1794 1352; x_wconf 85' lang='lat' dir='ltr'>expla-</span> 
     </span>
     <span class='ocr_line' id='line_1_16' title="bbox 55 1352 1794 1435; baseline 0.001 -26"><span class='ocrx_word' id='word_1_113' title='bbox 55 1352 287 1411; x_wconf 86' lang='lat' dir='ltr'>natione</span> <span class='ocrx_word' id='word_1_114' title='bbox 330 1369 433 1412; x_wconf 89' lang='lat' dir='ltr'>aut</span> <span class='ocrx_word' id='word_1_115' title='bbox 476 1355 923 1435; x_wconf 86' lang='lat' dir='ltr'>propugnaculo</span> <span class='ocrx_word' id='word_1_116' title='bbox 966 1375 1083 1414; x_wconf 93' lang='lat' dir='ltr'>non</span> <span class='ocrx_word' id='word_1_117' title='bbox 1133 1368 1288 1433; x_wconf 80' lang='lat' dir='ltr'>eget,</span> <span class='ocrx_word' id='word_1_118' title='bbox 1351 1374 1487 1413; x_wconf 88' lang='lat' dir='ltr'>cum</span> <span class='ocrx_word' id='word_1_119' title='bbox 1535 1352 1637 1412; x_wconf 85' lang='lat' dir='ltr'>vix</span> <span class='ocrx_word' id='word_1_120' title='bbox 1687 1353 1794 1412; x_wconf 88' lang='lat' dir='ltr'>ulli</span> 
     </span>
     <span class='ocr_line' id='line_1_17' title="bbox 54 1432 1790 1516; baseline 0.001 -25"><span class='ocrx_word' id='word_1_121' title='bbox 54 1432 300 1493; x_wconf 88' lang='lat' dir='ltr'>dubium</span> <span class='ocrx_word' id='word_1_122' title='bbox 330 1434 420 1506; x_wconf 85' lang='lat' dir='ltr'>fit,</span> <span class='ocrx_word' id='word_1_123' title='bbox 466 1435 560 1494; x_wconf 91' lang='lat' dir='ltr'>sed</span> <span class='ocrx_word' id='word_1_124' title='bbox 602 1436 796 1516; x_wconf 90' lang='lat' dir='ltr'>potius</span> <span class='ocrx_word' id='word_1_125' title='bbox 825 1437 1096 1496; x_wconf 89' lang='lat' dir='ltr'>omnibus</span> <span class='ocrx_word' id='word_1_126' title='bbox 1131 1434 1443 1495; x_wconf 86' lang='lat' dir='ltr'>confessum</span> <span class='ocrx_word' id='word_1_127' title='bbox 1477 1435 1563 1511; x_wconf 72' lang='grc' dir='ltr'>(δε</span> <span class='ocrx_word' id='word_1_128' title='bbox 1600 1435 1656 1493; x_wconf 91' lang='lat' dir='ltr'>in</span> <span class='ocrx_word' id='word_1_129' title='bbox 1702 1435 1790 1505; x_wconf 82' lang='lat' dir='ltr'>iis,</span> 
     </span>
     <span class='ocr_line' id='line_1_18' title="bbox 53 1516 1795 1598; baseline -0.001 -24"><span class='ocrx_word' id='word_1_130' title='bbox 53 1535 187 1594; x_wconf 83' lang='lat' dir='ltr'>quae</span> <span class='ocrx_word' id='word_1_131' title='bbox 231 1531 392 1576; x_wconf 86' lang='lat' dir='ltr'>extra</span> <span class='ocrx_word' id='word_1_132' title='bbox 423 1517 876 1579; x_wconf 85' lang='lat' dir='ltr'>controverfiam</span> <span class='ocrx_word' id='word_1_133' title='bbox 913 1519 1062 1589; x_wconf 88' lang='lat' dir='ltr'>sunt,</span> <span class='ocrx_word' id='word_1_134' title='bbox 1109 1516 1361 1579; x_wconf 88' lang='lat' dir='ltr'>breviter</span> <span class='ocrx_word' id='word_1_135' title='bbox 1389 1523 1589 1598; x_wconf 81' lang='lat' dir='ltr'>agam)</span> <span class='ocrx_word' id='word_1_136' title='bbox 1635 1516 1795 1595; x_wconf 89' lang='lat' dir='ltr'>quod</span> 
     </span>
     <span class='ocr_line' id='line_1_19' title="bbox 36 1596 1793 1673; baseline 0 -17"><span class='ocrx_word' id='word_1_137' title='bbox 36 1596 158 1673; x_wconf 86' lang='lat' dir='ltr'>scil.</span> <span class='ocrx_word' id='word_1_138' title='bbox 202 1597 467 1659; x_wconf 89' lang='lat' dir='ltr'>omnium</span> <span class='ocrx_word' id='word_1_139' title='bbox 496 1598 708 1659; x_wconf 90' lang='lat' dir='ltr'>rationi</span> <span class='ocrx_word' id='word_1_140' title='bbox 739 1600 800 1658; x_wconf 74' lang='grc' dir='ltr'>δε</span> <span class='ocrx_word' id='word_1_141' title='bbox 828 1600 1178 1658; x_wconf 86' lang='lat' dir='ltr'>conscientiis</span> <span class='ocrx_word' id='word_1_142' title='bbox 1213 1597 1379 1657; x_wconf 77' lang='lat' dir='ltr'>facile</span> <span class='ocrx_word' id='word_1_143' title='bbox 1423 1597 1793 1656; x_wconf 86' lang='lat' dir='ltr'>commenda-</span> 
     </span>
     <span class='ocr_line' id='line_1_20' title="bbox 54 1677 1792 1759; baseline -0.001 -21"><span class='ocrx_word' id='word_1_144' title='bbox 54 1677 212 1738; x_wconf 90' lang='lat' dir='ltr'>bitur</span> <span class='ocrx_word' id='word_1_145' title='bbox 239 1703 257 1744; x_wconf 88' lang='lat'>;</span> <span class='ocrx_word' id='word_1_146' title='bbox 302 1678 546 1758; x_wconf 86' lang='lat' dir='ltr'>ideoque</span> <span class='ocrx_word' id='word_1_147' title='bbox 574 1680 646 1739; x_wconf 88' lang='lat' dir='ltr'>ad</span> <span class='ocrx_word' id='word_1_148' title='bbox 664 1682 967 1740; x_wconf 88' lang='lat' dir='ltr'>secundam</span> <span class='ocrx_word' id='word_1_149' title='bbox 999 1680 1215 1737; x_wconf 87' lang='lat' dir='ltr'>Thefin</span> <span class='ocrx_word' id='word_1_150' title='bbox 1247 1678 1610 1759; x_wconf 82' lang='lat' dir='ltr'>progrediar,</span> <span class='ocrx_word' id='word_1_151' title='bbox 1658 1699 1792 1757; x_wconf 84' lang='lat' dir='ltr'>quae</span> 
     </span>
     <span class='ocr_line' id='line_1_21' title="bbox 52 1759 1793 1831; baseline 0 -13"><span class='ocrx_word' id='word_1_152' title='bbox 52 1759 186 1819; x_wconf 89' lang='lat' dir='ltr'>licet</span> <span class='ocrx_word' id='word_1_153' title='bbox 221 1779 337 1818; x_wconf 91' lang='lat' dir='ltr'>non</span> <span class='ocrx_word' id='word_1_154' title='bbox 382 1762 573 1819; x_wconf 74' lang='lat' dir='ltr'>minus</span> <span class='ocrx_word' id='word_1_155' title='bbox 628 1781 766 1821; x_wconf 89' lang='lat' dir='ltr'>vera</span> <span class='ocrx_word' id='word_1_156' title='bbox 795 1761 887 1831; x_wconf 87' lang='lat' dir='ltr'>fit,</span> <span class='ocrx_word' id='word_1_157' title='bbox 950 1777 1143 1819; x_wconf 84' lang='lat' dir='ltr'>tamen</span> <span class='ocrx_word' id='word_1_158' title='bbox 1185 1763 1410 1820; x_wconf 84' lang='lat' dir='ltr'>Satanae</span> <span class='ocrx_word' id='word_1_159' title='bbox 1457 1759 1674 1822; x_wconf 65' lang='lat' dir='ltr'>malitia</span> <span class='ocrx_word' id='word_1_160' title='bbox 1731 1759 1793 1818; x_wconf 84' lang='lat'>&amp;</span> 
     </span>
     <span class='ocr_line' id='line_1_22' title="bbox 0 1838 1764 1922; baseline -0.001 -22"><span class='ocrx_word' id='word_1_161' title='bbox 0 1871 2 1873; x_wconf 53' lang='lat'>&gt;</span> <span class='ocrx_word' id='word_1_162' title='bbox 52 1841 376 1901; x_wconf 89' lang='lat' dir='ltr'>multorum</span> <span class='ocrx_word' id='word_1_163' title='bbox 406 1840 731 1920; x_wconf 67' lang='lat' dir='ltr'>ignorantia</span> <span class='ocrx_word' id='word_1_164' title='bbox 759 1842 945 1922; x_wconf 84' lang='lat' dir='ltr'>magis</span> <span class='ocrx_word' id='word_1_165' title='bbox 963 1842 1021 1899; x_wconf 89' lang='lat' dir='ltr'>in</span> <span class='ocrx_word' id='word_1_166' title='bbox 1056 1840 1478 1901; x_wconf 89' lang='lat' dir='ltr'>dubitationem</span> <span class='ocrx_word' id='word_1_167' title='bbox 1497 1838 1764 1901; x_wconf 85' lang='lat' dir='ltr'>trahitur.</span> 
     </span>
    </p>
   </div>
   <div class='ocr_carea' id='block_1_3' title="bbox 345 1987 1493 2078">
    <p class='ocr_par' dir='ltr' id='par_1_3' title="bbox 345 1987 1493 2078">
     <span class='ocr_line' id='line_1_23' title="bbox 345 1987 1493 2078; baseline 0.001 -5"><span class='ocrx_word' id='word_1_168' title='bbox 345 1987 817 2076; x_wconf 59' lang='grc' dir='ltr'>ΤΗΒ-,315</span> <span class='ocrx_word' id='word_1_169' title='bbox 893 1990 1493 2078; x_wconf 79' lang='lat' dir='ltr'>SECUNDA.</span> 
     </span>
    </p>
   </div>
   <div class='ocr_carea' id='block_1_4' title="bbox 52 2166 1874 3471">
    <p class='ocr_par' dir='ltr' id='par_1_4' title="bbox 52 2166 1793 2659">
     <span class='ocr_line' id='line_1_24' title="bbox 52 2166 1790 2250; baseline 0.002 -23"><span class='ocrx_word' id='word_1_170' title='bbox 52 2166 189 2228; x_wconf 89' lang='lat' dir='ltr'>Cum</span> <span class='ocrx_word' id='word_1_171' title='bbox 219 2188 366 2229; x_wconf 89' lang='lat' dir='ltr'>nemo</span> <span class='ocrx_word' id='word_1_172' title='bbox 409 2171 637 2230; x_wconf 90' lang='lat' dir='ltr'>Patrem</span> <span class='ocrx_word' id='word_1_173' title='bbox 665 2171 873 2229; x_wconf 83' lang='lat' dir='ltr'>noverit</span> <span class='ocrx_word' id='word_1_174' title='bbox 908 2171 1006 2248; x_wconf 83' lang='lat' dir='ltr'>nist</span> <span class='ocrx_word' id='word_1_175' title='bbox 1042 2170 1232 2240; x_wconf 86' lang='lat' dir='ltr'>Filius,</span> <span class='ocrx_word' id='word_1_176' title='bbox 1282 2172 1351 2234; x_wconf 69' lang='lat'>{9⁹</span> <span class='ocrx_word' id='word_1_177' title='bbox 1390 2173 1668 2250; x_wconf 82' lang='lat' dir='ltr'>cuicunque</span> <span class='ocrx_word' id='word_1_178' title='bbox 1695 2192 1790 2232; x_wconf 87' lang='lat' dir='ltr'>vo-</span> 
     </span>
     <span class='ocr_line' id='line_1_25' title="bbox 134 2249 1793 2332; baseline 0.002 -24"><span class='ocrx_word' id='word_1_179' title='bbox 134 2250 297 2310; x_wconf 88' lang='lat' dir='ltr'>luerit</span> <span class='ocrx_word' id='word_1_180' title='bbox 323 2249 480 2327; x_wconf 86' lang='lat' dir='ltr'>filius</span> <span class='ocrx_word' id='word_1_181' title='bbox 528 2253 690 2330; x_wconf 75' lang='lat' dir='ltr'>ipsttm</span> <span class='ocrx_word' id='word_1_182' title='bbox 734 2264 1002 2332; x_wconf 79' lang='lat' dir='ltr'>retegere3</span> <span class='ocrx_word' id='word_1_183' title='bbox 1069 2253 1138 2313; x_wconf 54' lang='grc' dir='ltr'>ἑά</span> <span class='ocrx_word' id='word_1_184' title='bbox 1187 2274 1304 2313; x_wconf 86' lang='lat' dir='ltr'>cum</span> <span class='ocrx_word' id='word_1_185' title='bbox 1343 2253 1627 2312; x_wconf 87' lang='lat' dir='ltr'>Revelatio</span> <span class='ocrx_word' id='word_1_186' title='bbox 1659 2254 1793 2312; x_wconf 86' lang='lat' dir='ltr'>Filii</span> 
     </span>
     <span class='ocr_line' id='line_1_26' title="bbox 117 2333 1792 2412; baseline 0.001 -20"><span class='ocrx_word' id='word_1_187' title='bbox 117 2335 200 2412; x_wconf 86' lang='lat' dir='ltr'>fit</span> <span class='ocrx_word' id='word_1_188' title='bbox 242 2335 319 2403; x_wconf 89' lang='lat' dir='ltr'>in,</span> <span class='ocrx_word' id='word_1_189' title='bbox 380 2333 450 2394; x_wconf 67' lang='lat'>69⁹</span> <span class='ocrx_word' id='word_1_190' title='bbox 486 2348 592 2411; x_wconf 91' lang='lat' dir='ltr'>per</span> <span class='ocrx_word' id='word_1_191' title='bbox 633 2334 890 2412; x_wconf 88' lang='lat' dir='ltr'>Spiritum</span> <span class='ocrx_word' id='word_1_192' title='bbox 924 2358 942 2400; x_wconf 80' lang='lat'><em>3</em></span> <span class='ocrx_word' id='word_1_193' title='bbox 1020 2334 1130 2393; x_wconf 88' lang='lat' dir='ltr'>ideo</span> <span class='ocrx_word' id='word_1_194' title='bbox 1171 2336 1511 2411; x_wconf 85' lang='lat' dir='ltr'>testimonium</span> <span class='ocrx_word' id='word_1_195' title='bbox 1552 2335 1792 2412; x_wconf 65' lang='lat' dir='ltr'>‘Spiritzis</span> 
     </span>
     <span class='ocr_line' id='line_1_27' title="bbox 134 2413 1790 2494; baseline -0.001 -20"><span class='ocrx_word' id='word_1_196' title='bbox 134 2413 279 2474; x_wconf 86' lang='lat' dir='ltr'>illud</span> <span class='ocrx_word' id='word_1_197' title='bbox 307 2414 401 2489; x_wconf 88' lang='lat' dir='ltr'>est,</span> <span class='ocrx_word' id='word_1_198' title='bbox 453 2436 548 2494; x_wconf 85' lang='lat' dir='ltr'>quo</span> <span class='ocrx_word' id='word_1_199' title='bbox 591 2414 661 2475; x_wconf 83' lang='lat'><em>&amp;</em></span> <span class='ocrx_word' id='word_1_200' title='bbox 707 2415 958 2474; x_wconf 70' lang='lat' dir='ltr'>hattenus</span> <span class='ocrx_word' id='word_1_201' title='bbox 999 2415 1245 2476; x_wconf 87' lang='lat' dir='ltr'>revelata</span> <span class='ocrx_word' id='word_1_202' title='bbox 1293 2419 1384 2491; x_wconf 76' lang='lat' dir='ltr'>cst,</span> <span class='ocrx_word' id='word_1_203' title='bbox 1440 2417 1510 2477; x_wconf 54' lang='grc' dir='ltr'>ὃ</span> <span class='ocrx_word' id='word_1_204' title='bbox 1539 2437 1676 2476; x_wconf 87' lang='lat' dir='ltr'>nunc</span> <span class='ocrx_word' id='word_1_205' title='bbox 1703 2437 1790 2474; x_wconf 90' lang='lat' dir='ltr'>re-</span> 
     </span>
     <span class='ocr_line' id='line_1_28' title="bbox 129 2495 1792 2577; baseline 0 -22"><span class='ocrx_word' id='word_1_206' title='bbox 129 2495 374 2576; x_wconf 77' lang='lat' dir='ltr'>velatur,</span> <span class='ocrx_word' id='word_1_207' title='bbox 436 2496 507 2558; x_wconf 79' lang='lat'><em>&amp;</em></span> <span class='ocrx_word' id='word_1_208' title='bbox 528 2495 849 2574; x_wconf 87' lang='lat' dir='ltr'><em>solummodo</em></span> <span class='ocrx_word' id='word_1_209' title='bbox 896 2497 1135 2558; x_wconf 84' lang='lat' dir='ltr'>revelari</span> <span class='ocrx_word' id='word_1_210' title='bbox 1182 2501 1348 2576; x_wconf 76' lang='lat' dir='ltr'>potest</span> <span class='ocrx_word' id='word_1_211' title='bbox 1391 2518 1528 2556; x_wconf 83' lang='lat' dir='ltr'>vera</span> <span class='ocrx_word' id='word_1_212' title='bbox 1576 2499 1792 2577; x_wconf 80' lang='lat' dir='ltr'>cognitio</span> 
     </span>
     <span class='ocr_line' id='line_1_29' title="bbox 132 2577 1790 2659; baseline -0.001 -22"><span class='ocrx_word' id='word_1_213' title='bbox 132 2578 294 2644; x_wconf 53' lang='lat' dir='ltr'>Deif,</span> <span class='ocrx_word' id='word_1_214' title='bbox 342 2580 432 2656; x_wconf 87' lang='lat' dir='ltr'>qui</span> <span class='ocrx_word' id='word_1_215' title='bbox 458 2578 601 2655; x_wconf 87' lang='lat' dir='ltr'>ficut</span> <span class='ocrx_word' id='word_1_216' title='bbox 635 2577 866 2656; x_wconf 73' lang='lat' dir='ltr'>Spirittis</span> <span class='ocrx_word' id='word_1_217' title='bbox 890 2579 982 2657; x_wconf 74' lang='lat' dir='ltr'>fici</span> <span class='ocrx_word' id='word_1_218' title='bbox 1029 2592 1168 2639; x_wconf 83' lang='lat' dir='ltr'>motu</span> <span class='ocrx_word' id='word_1_219' title='bbox 1216 2581 1367 2659; x_wconf 85' lang='lat' dir='ltr'>hujus</span> <span class='ocrx_word' id='word_1_220' title='bbox 1408 2579 1589 2639; x_wconf 84' lang='lat' dir='ltr'>mundi</span> <span class='ocrx_word' id='word_1_221' title='bbox 1635 2579 1790 2637; x_wconf 83' lang='lat' dir='ltr'>chaos</span> 
     </span>
    </p>

    <p class='ocr_par' dir='ltr' id='par_1_5' title="bbox 66 2658 1790 2983">
     <span class='ocr_line' id='line_1_30' title="bbox 66 2658 1790 2741; baseline 0.001 -24"><span class='ocrx_word' id='word_1_222' title='bbox 66 2736 69 2738; x_wconf 14' lang='grc' dir='ltr'><strong><em>Ι</em></strong></span> <span class='ocrx_word' id='word_1_223' title='bbox 131 2658 210 2717; x_wconf 90' lang='lat' dir='ltr'>ad</span> <span class='ocrx_word' id='word_1_224' title='bbox 230 2658 565 2736; x_wconf 65' lang='lat' dir='ltr'>praclarum</span> <span class='ocrx_word' id='word_1_225' title='bbox 593 2658 749 2719; x_wconf 88' lang='lat' dir='ltr'>illum</span> <span class='ocrx_word' id='word_1_226' title='bbox 778 2658 848 2720; x_wconf 70' lang='lat'>&amp;³</span> <span class='ocrx_word' id='word_1_227' title='bbox 884 2660 1183 2720; x_wconf 87' lang='lat' dir='ltr'>mirabilem</span> <span class='ocrx_word' id='word_1_228' title='bbox 1210 2661 1466 2731; x_wconf 85' lang='lat' dir='ltr'>ordinem,</span> <span class='ocrx_word' id='word_1_229' title='bbox 1518 2681 1613 2741; x_wconf 87' lang='lat' dir='ltr'>quo</span> <span class='ocrx_word' id='word_1_230' title='bbox 1641 2662 1790 2734; x_wconf 85' lang='lat' dir='ltr'>initio</span> 
     </span>
     <span class='ocr_line' id='line_1_31' title="bbox 116 2740 1788 2821; baseline 0.001 -23"><span class='ocrx_word' id='word_1_231' title='bbox 116 2741 259 2819; x_wconf 88' lang='lat' dir='ltr'>fuit,</span> <span class='ocrx_word' id='word_1_232' title='bbox 318 2740 550 2809; x_wconf 86' lang='lat' dir='ltr'>reduxit,</span> <span class='ocrx_word' id='word_1_233' title='bbox 601 2741 952 2821; x_wconf 86' lang='lat' dir='ltr'>hominemque</span> <span class='ocrx_word' id='word_1_234' title='bbox 999 2744 1234 2800; x_wconf 86' lang='lat' dir='ltr'>animam</span> <span class='ocrx_word' id='word_1_235' title='bbox 1273 2744 1486 2813; x_wconf 85' lang='lat' dir='ltr'>vivam,</span> <span class='ocrx_word' id='word_1_236' title='bbox 1546 2743 1634 2820; x_wconf 85' lang='lat' dir='ltr'>qui</span> <span class='ocrx_word' id='word_1_237' title='bbox 1670 2762 1788 2800; x_wconf 86' lang='lat' dir='ltr'>eum</span> 
     </span>
     <span class='ocr_line' id='line_1_32' title="bbox 127 2821 1786 2905; baseline 0.001 -27"><span class='ocrx_word' id='word_1_238' title='bbox 127 2821 471 2900; x_wconf 82' lang='lat' dir='ltr'>gubernaret,</span> <span class='ocrx_word' id='word_1_239' title='bbox 503 2823 672 2901; x_wconf 87' lang='lat' dir='ltr'>ibique</span> <span class='ocrx_word' id='word_1_240' title='bbox 702 2836 968 2903; x_wconf 86' lang='lat' dir='ltr'>regnaret,</span> <span class='ocrx_word' id='word_1_241' title='bbox 1016 2826 1255 2882; x_wconf 84' lang='lat' dir='ltr'>creavit:</span> <span class='ocrx_word' id='word_1_242' title='bbox 1313 2825 1399 2882; x_wconf 88' lang='lat' dir='ltr'>Sic</span> <span class='ocrx_word' id='word_1_243' title='bbox 1424 2823 1638 2905; x_wconf 85' lang='lat' dir='ltr'>ejusdem</span> <span class='ocrx_word' id='word_1_244' title='bbox 1667 2823 1786 2899; x_wconf 90' lang='lat' dir='ltr'>Spi-</span> 
     </span>
     <span class='ocr_line' id='line_1_33' title="bbox 133 2900 1787 2983; baseline 0.001 -24"><span class='ocrx_word' id='word_1_245' title='bbox 133 2900 271 2961; x_wconf 75' lang='lat' dir='ltr'>ritz‘is</span> <span class='ocrx_word' id='word_1_246' title='bbox 312 2903 635 2962; x_wconf 87' lang='lat' dir='ltr'>revelatione</span> <span class='ocrx_word' id='word_1_247' title='bbox 682 2903 903 2982; x_wconf 76' lang='lat' dir='ltr'>st’ipfitm</span> <span class='ocrx_word' id='word_1_248' title='bbox 958 2905 1166 2983; x_wconf 76' lang='lat' dir='ltr'>semper</span> <span class='ocrx_word' id='word_1_249' title='bbox 1197 2904 1338 2980; x_wconf 89' lang='lat' dir='ltr'>filiis</span> <span class='ocrx_word' id='word_1_250' title='bbox 1381 2906 1644 2965; x_wconf 83' lang='lat' dir='ltr'>hominum</span> <span class='ocrx_word' id='word_1_251' title='bbox 1679 2920 1787 2980; x_wconf 70' lang='lat' dir='ltr'>pa-</span> 
     </span>
    </p>

    <p class='ocr_par' dir='ltr' id='par_1_6' title="bbox 61 2984 1788 3064">
     <span class='ocr_line' id='line_1_34' title="bbox 61 2984 1788 3064; baseline -0.001 -19"><span class='ocrx_word' id='word_1_252' title='bbox 61 3044 66 3045; x_wconf 11' lang='grc' dir='ltr'><em>γ</em></span> <span class='ocrx_word' id='word_1_253' title='bbox 130 2984 323 3061; x_wconf 76' lang='lat' dir='ltr'>tcfecit,</span> <span class='ocrx_word' id='word_1_254' title='bbox 384 2984 727 3044; x_wconf 87' lang='lat' dir='ltr'>Patriarchis</span> <span class='ocrx_word' id='word_1_255' title='bbox 762 2987 1034 3058; x_wconf 90' lang='lat' dir='ltr'>nimirum,</span> <span class='ocrx_word' id='word_1_256' title='bbox 1103 2987 1404 3064; x_wconf 82' lang='lat' dir='ltr'>Prophetis,</span> <span class='ocrx_word' id='word_1_257' title='bbox 1459 2986 1529 3054; x_wconf 80' lang='lat'><em>&amp;</em></span> <span class='ocrx_word' id='word_1_258' title='bbox 1568 2984 1788 3061; x_wconf 61' lang='lat' dir='ltr'>Aposto⁴</span> 
     </span>
    </p>

    <p class='ocr_par' dir='ltr' id='par_1_7' title="bbox 59 3063 1788 3146">
     <span class='ocr_line' id='line_1_35' title="bbox 59 3063 1788 3146; baseline 0.001 -24"><span class='ocrx_word' id='word_1_259' title='bbox 59 3104 64 3138; x_wconf 55' lang='lat'><em>3</em></span> <span class='ocrx_word' id='word_1_260' title='bbox 136 3063 202 3123; x_wconf 85' lang='lat' dir='ltr'>lis</span> <span class='ocrx_word' id='word_1_261' title='bbox 218 3086 238 3122; x_wconf 92' lang='lat'>.·</span> <span class='ocrx_word' id='word_1_262' title='bbox 275 3064 417 3144; x_wconf 77' lang='lat' dir='ltr'>Qae</span> <span class='ocrx_word' id='word_1_263' title='bbox 451 3065 795 3127; x_wconf 88' lang='lat' dir='ltr'>revelationes</span> <span class='ocrx_word' id='word_1_264' title='bbox 817 3067 926 3127; x_wconf 85' lang='lat' dir='ltr'>Dei</span> <span class='ocrx_word' id='word_1_265' title='bbox 950 3084 1053 3146; x_wconf 87' lang='lat' dir='ltr'>per</span> <span class='ocrx_word' id='word_1_266' title='bbox 1084 3068 1361 3145; x_wconf 87' lang='lat' dir='ltr'>Spiritum,</span> <span class='ocrx_word' id='word_1_267' title='bbox 1405 3068 1530 3143; x_wconf 87' lang='lat' dir='ltr'>five</span> <span class='ocrx_word' id='word_1_268' title='bbox 1558 3067 1788 3126; x_wconf 87' lang='lat' dir='ltr'>externis</span> 
     </span>
    </p>

    <p class='ocr_par' dir='ltr' id='par_1_8' title="bbox 55 3147 1874 3227">
     <span class='ocr_line' id='line_1_36' title="bbox 55 3147 1874 3227; baseline 0.002 -22"><span class='ocrx_word' id='word_1_269' title='bbox 55 3205 64 3220; x_wconf 73' lang='grc'>,</span> <span class='ocrx_word' id='word_1_270' title='bbox 131 3147 344 3206; x_wconf 87' lang='lat' dir='ltr'>vocibus</span> <span class='ocrx_word' id='word_1_271' title='bbox 388 3147 458 3209; x_wconf 51' lang='grc' dir='ltr'>δέ)</span> <span class='ocrx_word' id='word_1_272' title='bbox 495 3150 949 3227; x_wconf 76' lang='lat' dir='ltr'>apparitionibus,</span> <span class='ocrx_word' id='word_1_273' title='bbox 972 3150 1100 3226; x_wconf 72' lang='lat' dir='ltr'>five</span> <span class='ocrx_word' id='word_1_274' title='bbox 1139 3150 1373 3227; x_wconf 88' lang='lat' dir='ltr'>somniis,</span> <span class='ocrx_word' id='word_1_275' title='bbox 1409 3149 1536 3225; x_wconf 69' lang='lat' dir='ltr'>five</span> <span class='ocrx_word' id='word_1_276' title='bbox 1567 3149 1788 3209; x_wconf 80' lang='lat' dir='ltr'>internis</span> <span class='ocrx_word' id='word_1_277' title='bbox 1872 3211 1874 3213; x_wconf 73' lang='grc'><strong>,</strong></span> 
     </span>
    </p>

    <p class='ocr_par' dir='ltr' id='par_1_9' title="bbox 57 3226 1789 3455">
     <span class='ocr_line' id='line_1_37' title="bbox 57 3226 1789 3311; baseline -0.001 -24"><span class='ocrx_word' id='word_1_278' title='bbox 57 3226 66 3307; x_wconf 56' lang='lat' dir='ltr'>f</span> <span class='ocrx_word' id='word_1_279' title='bbox 131 3228 397 3308; x_wconf 70' lang='lat' dir='ltr'>objetl‘ivis</span> <span class='ocrx_word' id='word_1_280' title='bbox 451 3230 505 3290; x_wconf 91' lang='lat' dir='ltr'>in</span> <span class='ocrx_word' id='word_1_281' title='bbox 564 3228 716 3290; x_wconf 88' lang='lat' dir='ltr'>corde</span> <span class='ocrx_word' id='word_1_282' title='bbox 769 3231 1288 3311; x_wconf 69' lang='lat' dir='ltr'>manifestationibus,</span> <span class='ocrx_word' id='word_1_283' title='bbox 1368 3229 1492 3289; x_wconf 88' lang='lat' dir='ltr'>olim</span> <span class='ocrx_word' id='word_1_284' title='bbox 1546 3228 1789 3308; x_wconf 83' lang='lat' dir='ltr'>formale</span> 
     </span>
     <span class='ocr_line' id='line_1_38' title="bbox 86 3309 1788 3455; baseline -0.005 -81"><span class='ocrx_word' id='word_1_285' title='bbox 86 3370 88 3374; x_wconf 79' lang='grc'>,</span> <span class='ocrx_word' id='word_1_286' title='bbox 137 3329 314 3374; x_wconf 77' lang='lat' dir='ltr'>corum</span> <span class='ocrx_word' id='word_1_287' title='bbox 343 3309 479 3390; x_wconf 82' lang='lat' dir='ltr'>fidei</span> <span class='ocrx_word' id='word_1_288' title='bbox 508 3311 756 3394; x_wconf 70' lang='lat' dir='ltr'>objetlum</span> <span class='ocrx_word' id='word_1_289' title='bbox 780 3313 962 3397; x_wconf 82' lang='lat' dir='ltr'>fuere,</span> <span class='ocrx_word' id='word_1_290' title='bbox 983 3312 1080 3455; x_wconf 78' lang='lat' dir='ltr'>B&amp;</span> <span class='ocrx_word' id='word_1_291' title='bbox 1119 3311 1287 3378; x_wconf 76' lang='lat' dir='ltr'>adbuc</span> <span class='ocrx_word' id='word_1_292' title='bbox 1323 3314 1401 3379; x_wconf 79' lang='lat' dir='ltr'>ita</span> <span class='ocrx_word' id='word_1_293' title='bbox 1423 3322 1740 3395; x_wconf 77' lang='lat' dir='ltr'>permanent</span> <span class='ocrx_word' id='word_1_294' title='bbox 1766 3330 1788 3367; x_wconf 84' lang='grc'>.-</span> 
     </span>
    </p>

    <p class='ocr_par' dir='ltr' id='par_1_10' title="bbox 1077 3408 1786 3471">
     <span class='ocr_line' id='line_1_39' title="bbox 1077 3408 1786 3471; baseline -0.006 -18"><span class='ocrx_word' id='word_1_295' title='bbox 1077 3411 1107 3453; x_wconf 86' lang='lat'>2</span> <span class='ocrx_word' id='word_1_296' title='bbox 1493 3452 1497 3456; x_wconf 82' lang='grc'><em>,</em></span> <span class='ocrx_word' id='word_1_297' title='bbox 1601 3408 1786 3471; x_wconf 84' lang='lat' dir='ltr'>quum</span> 
     </span>
    </p>
   </div>
  </div>
 </body>
</html>
