2086 3640
310 95 399 175 95
496 94 858 156 THESIS
900 85 1321 174 QUINTA
1354 84 1424 152 ες*
1463 83 1814 150 SEXTA.

296 216 368 255 ex
399 196 459 253 iis
488 194 561 253 ad
589 191 1018 251 damnationem
1046 185 1481 270 praedestinfiffe,
1525 207 1625 251 aut
1644 190 1879 254 salutem
1903 191 2014 254 im·-

296 275 622 355 posfibilem
641 270 844 342 fecisse,
907 269 1311 330 substrahendo
1338 270 1482 341 vim,
1526 271 1619 331 vel
1641 273 1890 351 gratiam
1934 272 2011 332 ad

296 354 639 413 credendum
668 350 1028 412 neceffariam
1054 375 1075 430 ·,
1115 350 1178 409 &
1197 372 1266 411 ex
1296 351 1514 422 multiS,
1558 352 1628 411 ad
1646 353 1758 412 hoc
1786 372 2007 432 propo-

294 434 483 503 situm,
531 455 734 494 eorum
755 431 936 503 diens,
979 452 1160 512 pauca
1190 432 1469 503 hocloco,
1503 432 1798 492 brevitatis
1819 434 2004 504 causa,

291 513 649 594 subjungam.
736 513 1090 593 Augustinus
1137 512 1193 572 in
1253 513 1547 573 Psalmum
1654 531 1708 588 5.
1786 515 2010 597 Sanguis

295 594 498 671 Christi
514 599 748 673 pretium
774 596 860 672 est.
947 593 1110 655 Tanti
1134 594 1262 676 quid
1276 594 1426 655 valet
1453 595 1484 652 ἓ
1564 533 1735 674 ΞΜ,
1778 596 1877 673 nist
1928 608 2007 656 to-

291 687 374 737 tus
397 679 553 735 orbis.
1336 725 1337 729 ,

373 757 620 837 Prosper
647 757 720 817 ad
741 757 873 817 Gal.
936 777 1059 836 cap.
1090 757 1170 817 ix.
1258 766 1276 793 ‘
1320 752 1637 835 Redemptor
1668 757 1871 837 ,mundi
1916 757 2005 818 de·-

295 846 315 873 ‘
359 838 437 896 dit
453 860 557 915 pro
585 839 772 900 mundo
804 835 1111 918 sanguinem
1123 838 1301 916 suum,
1349 837 1419 898 {9²
1448 836 1669 897 mundus
1688 837 1878 898 redimi
1912 860 2004 897 no·-

295 927 314 954 ‘
357 918 478 989 luit,
511 923 650 1000 quia
698 920 861 978 lucem
887 920 1110 979 tenebrce
1155 940 1256 978 non
1306 918 1641 997 recepirunt:
1685 917 1802 998 Qi
1852 918 2001 990 dicit,

294 1009 315 1035 ‘
357 1001 494 1080 quod
532 1023 631 1060 non
666 1018 768 1079 pro
804 1005 957 1060 totius
1021 999 1201 1060 mundi
1255 1000 1598 1078 redemptione
1638 999 1900 1061 Salvator
1924 1003 2006 1078 stt

294 1090 315 1117 ‘
354 1084 653 1156 crucifixus,
699 1104 800 1142 non
850 1082 924 1141 ad
959 1082 1288 1141 Sacramenti
1326 1076 1601 1151 virtutem,
1650 1081 1753 1158 sed
1801 1082 1877 1144 ad
1919 1083 2005 1141 in-

294 1172 314 1198 ‘
343 1163 587 1237 fidelium
627 1164 827 1242 respicit
863 1176 1098 1241 partem,
1162 1163 1278 1221 ciem
1308 1163 1525 1243 stinguis
1571 1162 1790 1222 Domini
1842 1163 2006 1239 nostri

294 1252 314 1279 ‘
356 1246 484 1321 Jfit
525 1246 723 1320 Christi
753 1248 986 1323 pretium
1033 1246 1187 1304 totius
1227 1244 1408 1303 mundi
1426 1246 1526 1321 stt,
1599 1244 1636 1302 ὰ
1685 1260 1784 1323 quo
1829 1246 2006 1322 pretio

293 1332 314 1359 ‘
357 1330 597 1385 extranei
616 1328 765 1403 sunt,
833 1329 923 1405 qui
979 1338 1074 1385 aut
1136 1323 1378 1384 delet't'ati
1423 1325 1752 1402 captivitate,
1814 1323 2004 1384 redimi

293 1414 316 1440 ‘
359 1406 654 1476 noluerunt,
700 1419 794 1465 aut
829 1407 945 1484 post
984 1406 1375 1483 redemptionem
1402 1405 1477 1464 ad
1518 1404 1733 1465 eandem
1744 1407 1874 1484 sunt
1885 1405 2003 1484 str-

290 1495 316 1520 ‘
357 1489 578 1545 vitutem
624 1488 838 1563 reveifi.
924 1487 1111 1555 Idem,
1144 1485 1499 1565 responfione
1521 1486 1594 1546 ad
1613 1486 1866 1566 primam
1890 1488 2003 1548 ‘ob-

290 1575 315 1601 ‘
348 1566 664 1645 jeffionem
692 1567 1008 1626 Vincentii:
1055 1568 1191 1626 Ciaem
1214 1570 1388 1646 itaque
1404 1578 1629 1644 propter
1656 1586 1816 1627 unam
1841 1569 2005 1627 omni·
2080 1585 2086 1647 j

290 1655 314 1681 ‘
355 1668 445 1706 um
476 1661 749 1718 naturam,
797 1648 865 1709 ἔθ’
907 1669 1068 1708 unam
1115 1651 1340 1707 omnium
1392 1650 1622 1726 causam,
1685 1648 1721 1707 a*
1776 1649 2006 1708 Domino

288 1737 313 1763 ‘
353 1730 522 1805 nostro
568 1733 623 1789 in
679 1732 911 1789 veritate
961 1730 1267 1809 susceptam,
1332 1730 1473 1788 reete
1533 1748 1703 1788 omnes
1757 1729 2006 1809 dicantur

284 1818 311 1845 ‘
354 1811 624 1889 redempti,
710 1810 780 1872 ὅ
844 1824 1019 1871 tamen
1067 1832 1167 1870 non
1215 1831 1385 1870 omnes
1443 1811 1481 1869 ὰ
1541 1812 1853 1888 captivitate
1887 1812 2005 1888 sint

285 1899 312 1926 ‘
351 1895 511 1963 eruti,
558 1892 918 1970 redemptionis
947 1895 1250 1971 proprietas
1303 1891 1452 1952 haud
1482 1890 1636 1952 dubie
1673 1907 1831 1971 penes
1881 1891 2005 1953 illos

287 1979 312 2006 ‘
351 1973 440 2046 est,
486 1973 549 2032 de
590 1976 772 2054 quibus
818 1975 1062 2052 princeps
1108 1972 1289 2034 mundi
1334 1973 1506 2054 mzffits
1547 1973 1620 2050 cst
1639 1992 1643 1996 ’
1661 1978 1840 2052 foras,
1929 1975 2003 2049 &7
2072 1968 2075 1974 ’

283 2060 310 2087 ‘
337 2055 460 2134 jam
503 2075 603 2114 non
639 2057 773 2134 vasa
804 2055 1020 2126 diaboli,
1050 2055 1150 2133 sed
1193 2055 1427 2114 membra
1447 2053 1577 2132 fient
1625 2054 1827 2132 Christi
1844 2077 1866 2112 .·
1911 2076 2001 2114 cu-
2070 2103 2074 2116 .

285 2141 310 2170 ⁸
334 2137 428 2215 jus
476 2157 613 2195 mors
653 2139 732 2197 ita
779 2138 1004 2216 impensa
1036 2137 1107 2213 est
1142 2137 1370 2206 humano
1407 2137 1604 2217 generi,
1677 2149 1739 2195 ut
1792 2135 1868 2195 ad
1916 2155 2002 2196 re·
2070 2132 2077 2189 ·’.

282 2224 309 2250 ‘
349 2215 685 2294 demptionem
734 2219 839 2298 ejus
899 2218 1076 2287 etiam,
1149 2219 1239 2299 qui
1288 2215 1632 2298 regenerandi
1671 2237 1774 2276 non
1821 2229 1998 2288 erant,
2066 2235 2073 2286 J.

279 2306 314 2332 '⁵
340 2301 667 2374 pertinerent
683 2324 703 2358 .-
762 2298 868 2358 Sed
899 2301 979 2358 ita
1019 2312 1098 2370 ut,
1142 2298 1278 2379 quod
1310 2315 1414 2378 per
1461 2300 1672 2357 unicum
1711 2297 2003 2376 exemplum
2062 2313 2070 2371 ξ

282 2388 309 2414 “
342 2380 536 2458 gestum
563 2381 632 2456 est
661 2396 764 2457 pro
811 2382 1088 2457 univerfis,
1143 2397 1247 2459 per
1278 2378 1557 2461 singulare
1597 2379 2000 2442 Sacramentum
2076 2409 2079 2412 ⁴

285 2469 309 2494 ‘
348 2460 705 2520 celebraretur
749 2463 822 2520 in·
838 2461 1082 2542 fingulis.
1170 2461 1427 2522 Poculum
1481 2462 1665 2540 quippe
1728 2463 2001 2521 immorta-
2034 2462 2066 2496 ·’

287 2549 309 2575 ‘
349 2540 535 2611 litatis,
582 2540 720 2621 quod
745 2544 1028 2621 confee'tum
1068 2543 1139 2619 est
1198 2541 1262 2600 de
1308 2543 1618 2616 infirmitate
1663 2543 1863 2617 nostrd,
1930 2543 2002 2604 δεῖ

289 2632 310 2658 ‘
348 2625 551 2682 virtute
585 2622 795 2693 divinci,
841 2623 998 2683 habet
1035 2622 1236 2703 quidem
1292 2627 1351 2683 in
1380 2623 1461 2700 se,
1507 2635 1568 2681 ut
1602 2623 1833 2684 omnibus
1865 2638 1997 2702 pro-
2054 2699 2055 2702 Ἴ

289 2712 311 2739 ‘
333 2705 413 2778 fit
445 2729 463 2770 ·,
490 2704 591 2781 sed
597 2706 654 2781 st
679 2725 780 2764 non
816 2704 1032 2775 bibitur,
1077 2725 1177 2764 non
1202 2704 1452 2766 medetur.
1475 2704 1516 2731 ”

363 2786 691 2845 SCRIPTOR
733 2784 804 2845 de
830 2785 1131 2846 vocatione
1153 2784 1452 2858 Gentium,
1484 2784 1596 2845 lib.
1631 2806 1652 2845 1
1673 2807 1721 2845 1.
1767 2804 1889 2866 cap.
1919 2785 1996 2846 vi.

287 2875 308 2902 ‘
351 2865 532 2924 Nulla
602 2868 763 2946 igitur
807 2865 1084 2928 dubitandi
1148 2869 1286 2927 ratio
1329 2869 1421 2945 est,
1490 2868 1673 2944 Jeficm
1729 2866 1997 2945 Christum

287 2956 308 2983 ‘
347 2946 636 3007 Dominum
683 2948 911 3023 nostrum
949 2965 1052 3028 pro
1096 2950 1270 3026 impiis
1319 2971 1382 3008 ac
1415 2948 1771 3027 peccatoribus
1797 2959 1993 3006 mortu-

288 3038 307 3065 ‘
350 3049 436 3087 um
457 3050 477 3086 .·
520 3029 557 3086 ὰ
605 3049 821 3109 quorum
868 3031 1151 3107 numerosi
1195 3030 1384 3110 aliquis
1432 3029 1566 3089 liber
1605 3031 1844 3088 inventus
1899 3027 1990 3102 est,

286 3117 308 3142 ‘
350 3129 450 3168 non
498 3111 567 3185 cst
604 3127 708 3187 pro
760 3113 989 3171 omnibus
1015 3124 1248 3173 mortuus
1266 3113 1506 3190 Christus
1522 3132 1542 3168 .·
1583 3107 1859 3184 redemptio
1871 3110 1993 3167 uni-

290 3196 310 3222 ‘
348 3192 497 3266 verfh
519 3191 579 3269 Je
625 3191 804 3253 intulit
855 3193 1059 3256 mundo.
1089 3194 1132 3274 ’ἢ

1478 3270 1996 3333 CHRYsos‘romvs
2082 3303 2084 3305 >
