2086 3640
350 71 475 143 ‘154
568 63 944 124 THESIS
984 59 1404 141 QUINTA
1436 62 1508 124 ce
1547 65 1897 132 SEXTA.

351 187 610 255 quantur,
672 174 743 234 {9³
785 174 854 231 ab
893 171 998 230 illd
1043 169 1344 231 doceantur.
1433 171 1525 229 At
1563 171 1702 250 quid
1743 174 1825 234 est
1851 177 1977 237 haec
1995 176 2086 240 132:

347 255 588 335 pientia,
649 255 752 313 nifi
798 251 1098 312 Christus?
1163 250 1350 324 Hine,
1395 251 1491 332 qui
1513 251 1659 313 inter
1685 255 1926 334 gentiles
1953 281 2075 321 maa

344 337 471 394 lum
492 335 990 416 derelinquebant,
1013 332 1166 392 &ad
1184 333 1406 393 bonum
1432 331 1785 411 &justitiam
1814 340 2069 399 conversi

341 417 494 489 sunt,
558 415 899 495 Philosophi
938 415 1278 476 dicebantur
1335 413 1370 474 i.
1401 435 1449 474 e.
1507 412 1797 496 sapientiae
1843 434 2072 481 amato-

339 517 447 555 τες.
535 498 693 558 Haec
731 496 1006 575 sapientia
1047 494 1232 576 prope
1270 493 1348 554 eis
1368 510 1527 555 erat:
1572 497 1729 577 quod
1753 513 1952 559 autem
1978 517 2070 578 op-

326 580 472 638 tima
495 580 741 656 scientia,
769 580 901 651 Dei,
975 578 1386 640 &divinorum
1442 579 1824 658 Mysteriorum
1855 583 2069 660 sapien-

331 662 434 726 tia,
527 661 867 741 inspiratione
921 660 1274 729 obtinebatur,
1376 658 1683 740 Phocylides
1749 660 2065 738 affirmavit.

335 741 515 800 Verba
551 745 657 823 ejus
677 745 860 821 fuere,
903 751 991 808 τῖῗς
1018 754 1053 818 '15
1073 747 1335 809 Θεοπνεῦςκ
1366 749 1530 819 σοφίας
1554 752 1726 826 aly&
1755 751 1851 812 ὶςὶν
1885 751 2072 825 ἅμςθ.

330 821 552 882 Adhuc
594 823 780 884 multa
837 824 1162 901 hujusmodi
1202 823 1446 905 produci
1467 825 1707 904 poffent,
1751 845 1824 886 ex
1852 827 2064 906 quibus

326 919 597 986 apparet,
662 904 821 985 quod
863 906 1157 967 Christum
1196 904 1578 985 cognoverint
1619 926 1797 987 opere
1842 907 1959 989 ejus
2003 907 2065 967 in

326 983 439 1043 illis
498 1001 798 1065 operante,
865 1005 986 1066 quo
1034 990 1111 1050 ab
1176 985 1443 1067 injustitia
1483 985 1557 1047 ad
1610 985 1894 1067 justitiam
1927 1007 2065 1047 con-

136 1103 150 1106 *
215 1109 222 1114 .
323 1066 472 1124 verfi
512 1066 696 1136 fuere,
762 1068 823 1126 δε
872 1083 1158 1138 amatores
1198 1070 1477 1148 potentiae
1526 1062 1678 1128 illius
1716 1067 1877 1139 facti,
1980 1089 2060 1128 uo

321 1145 380 1205 se
420 1169 455 1207 a
503 1147 664 1207 malo
701 1147 934 1208 liberari
976 1149 1335 1210 sentiebant:
1397 1149 1499 1220 ita,
1565 1163 1634 1208 ut
1678 1147 1759 1209 ait
1804 1149 1946 1228 Apo
1999 1168 2064 1208 o·

207 1248 209 1251 ’
321 1227 432 1299 lus,
460 1243 463 1245 ·
490 1228 819 1305 ostenderunt
855 1246 981 1307 opus
1028 1231 1151 1313 legis
1191 1231 1494 1309 inscriptum
1549 1231 1606 1289 in
1633 1229 1872 1299 cordibus
1899 1230 2017 1308 fitis
2034 1254 2057 1299 3

322 1306 567 1388 ideoque
616 1310 1114 1388 quemadmodum
1130 1332 1299 1372 omnes
1324 1313 1566 1391 fabtores
1605 1309 1732 1392 legis
1753 1312 1906 1391 stent,
1928 1326 2060 1388 pro-

317 1388 561 1448 culdubio
621 1392 1079 1473 justificabantur.
1185 1392 1268 1451 Et
1323 1407 1391 1452 ut
1439 1392 1564 1451 haec
1604 1406 1729 1451 erat
1777 1390 2059 1471 Apostoli

316 1469 618 1541 sententia,
688 1471 769 1530 ita
826 1472 889 1529 &
928 1472 1366 1551 primitivorum
1406 1470 1883 1531 Christianorum.
1966 1473 2060 1532 Sic

319 1549 575 1628 Justinus
594 1551 837 1630 Mai-tyr
863 1552 963 1621 ait,
1049 1552 1166 1630 Qi
1183 1573 1300 1612 cum
1323 1552 1490 1612 Verbo
1507 1552 1787 1622 vivebant,
1833 1551 2073 1629 Chrzstiaff⁴

316 1651 445 1689 anos
473 1631 656 1710 fuiffe,
719 1632 843 1692 ‘licet
892 1634 1112 1692 Ethnici
1162 1633 1633 1708 existimarentur3
1697 1630 1874 1713 quales
1921 1635 2060 1693 inter

315 1714 537 1772 Grcecos
572 1713 812 1773 Socrates
856 1713 928 1775 &²
977 1712 1312 1784 Heraclitus,
1385 1713 1456 1775 ἔθ’
1503 1732 1683 1773 eorum
1713 1712 1937 1792 ssmiles,
1983 1714 2058 1776 δέ’

314 1794 456 1852 inter
519 1793 795 1866 Barbaros
857 1794 1130 1867 Abraam,
1205 1795 1319 1856 &a
1381 1793 1553 1874 Qud
1583 1797 1674 1874 qui
1726 1791 1843 1855 cum
1885 1796 2057 1857 Verbo

312 1877 534 1945 vivunt,
604 1875 901 1949 Christiani
933 1878 1063 1955 sunt
1091 1878 1215 1954 stne
1255 1878 1462 1946 timore,
1532 1872 1628 1934 vel
1659 1877 1946 1937 anxietate.

398 1954 702 2015 CLEMENS
739 1956 917 2026 etiam
961 1954 1387 2015 Alexandrinus
1428 1957 1644 2015 Strom.
1689 1957 1792 2017 lib.
1852 1978 1905 2028 1,
1950 1957 2050 2030 ait,

307 2034 449 2094 hanc
469 2037 789 2115 sapientiam
827 2036 921 2095 vel
971 2037 1366 2118 Philosbphiam
1418 2037 1654 2116 gentibus
1677 2036 1842 2116 fuiffie
1884 2040 2049 2116 necest-

290 2117 526 2195 Jariam,
573 2117 729 2197 iisque
755 2118 1099 2199 paedagogum
1144 2117 1221 2178 ad
1258 2117 1528 2195 Christum
1549 2115 1887 2191 adducendis,
1930 2121 2042 2200 qud

306 2197 435 2257 olim
460 2200 898 2280 justificabantur
943 2201 1141 2258 Groeci.

389 2281 562 2339 Auo.
607 2279 678 2338 de
722 2280 953 2350 civitate
996 2279 1107 2339 Dei
1140 2277 1241 2339 lib.
1290 2282 1381 2339 18.
1432 2298 1558 2358 cap.
1605 2296 1703 2359 47.
1754 2279 1857 2350 ait,
1915 2278 2046 2343 Non

305 2359 504 2419 audere
537 2361 763 2438 Judoeos
809 2360 1084 2437 affirmare
1124 2362 1378 2421 neminem
1422 2360 1499 2420 ad
1534 2359 1712 2420 Deum
1738 2363 2045 2454 pertinuiffl·

300 2442 402 2517 nist
458 2441 755 2520 Israe'litas.
840 2442 907 2503 In
945 2462 1121 2523 quem
1160 2441 1358 2501 locum
1389 2436 1676 2501 Ludovic.
1722 2439 1898 2501 Vives
1937 2459 2044 2516 ait,

302 2522 397 2581 hoc
438 2522 582 2582 modo
629 2536 807 2604 gentes
842 2545 945 2585 non
988 2524 1234 2584 habentes
1277 2522 1438 2603 legem
1454 2523 1565 2599 sthi
1606 2524 1725 2603 ipfis
1759 2522 1924 2602 fuzffl’
1959 2523 2038 2584 le-

293 2624 434 2682 gem,
483 2604 554 2666 69³
591 2603 767 2665 lumen
821 2607 903 2665 ita
946 2603 1171 2664 vivendi
1217 2604 1312 2683 ff
1351 2604 1540 2664 donum
1580 2602 1709 2675 Dei,
1757 2604 1826 2665 ἔθ’
1866 2605 1903 2663 ὰ
1943 2605 2038 2665 Fi-

299 2684 372 2742 lt‘o
410 2686 702 2762 provenire
723 2709 743 2744 .·
813 2686 876 2745 de
917 2707 1013 2766 quo
1038 2687 1298 2765 scriptum
1335 2686 1427 2762 est,
1473 2684 1609 2765 quod
1633 2683 1901 2747 illuminet
1926 2707 2041 2747 om-

298 2785 418 2826 nem
454 2767 711 2826 hominem
758 2770 1051 2827 venientem
1094 2769 1151 2826 in
1195 2766 1463 2827 mundum.

387 2847 559 2905 Auo.
607 2845 855 2906 Confeff.
916 2848 1016 2908 lib.
1064 2862 1121 2925 7.
1161 2868 1286 2926 cap.
1330 2868 1387 2925 9.
1452 2845 1711 2918 testatur,
1772 2846 1930 2928 quod
1970 2845 2029 2910 in

299 2924 741 2987 Platonicorum
760 2926 920 2988 libris
942 2927 1179 3008 legisset,
1205 2928 1323 2988 licet
1351 2948 1452 2988 non
1480 2928 1562 2988 his
1588 2930 1789 3000 verbis,
1806 2926 1909 3007 sed
1938 2926 2033 2985 hoc

250 3030 253 3033 ·
304 3005 438 3066 idem
459 3011 666 3068 omninb
696 3008 875 3069 multis
904 3009 974 3070 &²
997 3008 1370 3087 multiplicibus
1390 3010 1681 3069 rationibus
1695 3004 2024 3088 persuaderi,

299 3088 435 3165 quod
487 3093 542 3148 in
587 3091 851 3167 principio
886 3103 1007 3149 erat
1039 3092 1284 3162 verbum,
1350 3090 1421 3152 {9²
1457 3090 1680 3150 verbum
1716 3099 1839 3150 erat
1884 3085 2035 3163 apud
2084 3132 2086 3137 ,

298 3166 497 3245 Deum,
562 3170 654 3229 hoc
701 3183 821 3230 erat
875 3174 932 3233 in
965 3173 1228 3250 principio
1275 3170 1425 3249 apud
1464 3172 1662 3240 Deum,
1705 3169 1882 3227 omnia
1915 3183 2024 3245 per
2084 3190 2086 3227 :

298 3245 463 3325 i'pficm
500 3249 666 3327 satta
702 3250 857 3329 sunt,
901 3251 972 3315 ξεῖ
1002 3253 1126 3330 stne
1166 3254 1267 3332 ipso
1286 3254 1506 3332 fabium
1550 3249 1622 3327 cst
1669 3247 1858 3409 nihil-‚f
1881 3247 2029 3390 guod
2065 3324 2072 3334 ·

1847 3349 1880 3390 a
1932 3348 2045 3393 um*
