2086 3640
243 93 337 161 De
357 90 627 154 Commun.
673 91 745 154 &ae
775 88 988 155 Partic.
1020 108 1161 172 corp.
1193 92 1264 154 ὃ
1289 93 1443 171 sang
1469 89 1686 169 Christi.
1756 107 1836 169 40
1843 113 1878 173 3

139 220 266 262 mos
287 199 464 269 fuiffe,
512 198 688 258 aliam
717 199 898 270 fuiffe,
945 198 1125 280 quam
1153 220 1241 258 eas
1273 197 1488 275 mensaS,
1536 195 1742 274 quibus
1773 202 1880 259 mi-

0 278 41 307 '·
135 283 461 343 nistrabant·
506 279 830 361 Apostoli·‚
874 282 970 340 sed
1008 281 1115 341 hac
1153 279 1450 339 occafione
1489 275 1879 349 deseruerunt,

137 362 203 423 iis
251 363 305 423 se
343 363 512 424 nimis
545 361 733 442 premi
768 362 1098 423 sentientes:
1146 361 1289 423 ficut
1329 375 1524 420 autem
1565 355 1882 437 discipulo-

136 465 271 505 rum
313 445 732 517 incrementum
793 445 885 503 hoc
919 460 1041 522 opus
1092 443 1397 524 Apostolis
1437 437 1882 500 incommodum

137 526 435 597 reddebat,
485 523 561 583 fic
587 524 819 584 videtur
865 524 1045 604 majus
1089 524 1511 585 incrementum
1556 520 1619 579 ὅτ
1649 519 1883 600 diffipa-

136 608 220 667 tio
250 629 354 687 per
395 607 616 668 diversa
657 606 787 666 loca
829 605 1185 686 impediviffe
1226 606 1404 666 etiam
1446 603 1883 664 continuationem

137 690 288 750 illius
335 691 451 769 ufics
480 687 708 749 habendi
754 690 930 747 omnia
980 691 1035 748 in
1092 692 1365 748 communi.
1449 685 1559 745 Sed
1588 682 1880 766 nihilomi-

133 791 259 841 nu3,
306 788 374 829 ut
394 770 651 850 quodam
673 769 855 830 modo
886 784 1416 832 commemorarent
1447 781 1678 828 veterem
1721 765 1880 837 illam

130 856 571 923 communitatem,
619 851 784 910 certis
842 850 1208 930 temporibus
1250 850 1415 910 simul
1458 847 1879 921 conveniebant

131 933 193 992 &
228 951 426 1012 panem
447 933 811 1013 frangebant.
899 933 1063 993 Hinc
1090 933 1322 1002 dicitur,
1371 932 1509 991 Ast.
1534 949 1631 991 xx.
1679 947 1733 1007 7.
1779 928 1878 989 ad-

133 1020 376 1075 veniente
419 1014 632 1074 Troada
672 1014 934 1091 Apostolo,
1002 1015 1139 1095 quod
1179 1016 1292 1075 una'
1320 1014 1556 1093 sabbati,
1603 1014 1720 1071 cum
1759 1033 1878 1070 con-

129 1097 381 1176 veniffent
420 1096 653 1175 discipuli
693 1096 768 1154 ad
788 1097 1153 1177 frangendum
1194 1113 1415 1174 panem,
1457 1094 1777 1172 praedicavit
1814 1094 1880 1150 iis

132 1180 368 1249 Paulus,
426 1181 763 1258 profetturus
819 1181 875 1238 in
924 1180 1232 1255 crastinum,
1269 1178 1644 1256 protraxitque
1674 1176 1876 1251 sermo-

129 1282 246 1320 nem
287 1262 439 1341 usque
480 1263 535 1320 in
578 1259 801 1319 mediam
849 1267 1064 1320 nottem.
1152 1260 1278 1320 Hic
1327 1258 1486 1318 nulla
1545 1257 1615 1316 fit
1655 1257 1878 1316 mentio

128 1341 301 1420 decfic
333 1341 740 1420 sacramentali,
787 1342 881 1401 sed
929 1342 1119 1402 solum
1160 1341 1340 1422 quod,
1389 1338 1523 1419 quia
1547 1336 1713 1396 fimul
1738 1339 1876 1397 con-

126 1422 409 1494 venerint,
455 1422 585 1482 inde
615 1423 831 1503 ceperit
872 1424 1089 1484 Paulus
1109 1423 1491 1492 occasionem,
1538 1435 1604 1479 ut
1631 1419 1693 1478 iis
1723 1439 1877 1499 prae-

126 1503 362 1564 dicaret.
450 1504 700 1564 Videtur
737 1521 932 1566 autern
983 1506 1058 1565 ad
1094 1527 1289 1565 caenam
1319 1502 1763 1563 conventionem
1786 1501 1878 1561 fu-

129 1585 249 1656 iss'e,
313 1608 415 1646 non
453 1586 529 1644 ad
557 1586 810 1645 modicum
848 1591 1099 1646 matutini
1139 1590 1298 1665 panis
1337 1586 1405 1646 ἐξ
1435 1587 1576 1654 vini,
1622 1582 1877 1664 alioquin

129 1667 367 1728 minime
405 1667 711 1746 probabile
752 1669 834 1726 est
879 1669 1141 1728 Paulum,
1175 1669 1204 1726 {1
1260 1667 1547 1727 matutino
1585 1666 1657 1725 ad
1696 1665 1881 1725 medi*

128 1769 227 1808 am
265 1749 501 1808 noctem
543 1748 715 1828 usque
743 1751 1084 1828 protraxisse
1109 1750 1472 1811 sermonem.
1554 1748 1667 1807 Sed
1688 1748 1878 1807 versus

129 1830 465 1890 undecimus
508 1850 632 1890 rem
681 1848 846 1891 extra
894 1832 1350 1894 controverfiam
1391 1828 1582 1910 ponit,
1647 1829 1747 1910 qui
1771 1829 1877 1892 ,ita

128 1911 183 1971 se
205 1913 402 1985 habet,
448 1911 718 1992 ascendens
747 1925 945 1985 autem,
963 1916 1320 1995 frangensque
1344 1930 1564 1989 panem,
1612 1933 1674 1971 ac
1701 1911 1875 1983 edens,

128 1993 201 2055 δέ’
227 1995 365 2073 satis
395 1994 696 2075 alloquutus
726 1997 877 2075 usque
924 1998 978 2054 in
1029 1995 1212 2064 lucem,
1250 1996 1519 2074 profetiza
1557 1995 1643 2068 est.
1731 1994 1878 2052 Hoc

128 2076 378 2135 ostendit
405 2078 731 2156 fractionem
759 2079 916 2154 panis
963 2078 1139 2157 usque
1168 2076 1241 2135 ad
1273 2091 1499 2156 tempus
1548 2074 1692 2156 illud
1732 2074 1879 2134 dila*

128 2173 252 2217 tam
274 2156 469 2217 fuiffe:
517 2159 641 2218 haec
669 2152 822 2218 enirn
845 2160 1047 2229 verba,
1082 2159 1423 2239 &frangens
1440 2175 1669 2236 panem,
1705 2157 1879 2236 edens-

127 2261 243 2321 que,
289 2239 618 2311 ostendunt,
664 2239 775 2301 illis
804 2241 1054 2321 exprimi
1060 2242 1405 2379 6{fractionem
1417 2244 1579 2318 pani-s
1601 2241 1732 2299 ante
1774 2260 1879 2297 no-

131 2321 435 2391 minatam,
480 2342 663 2400 eoque
701 2339 971 2401 tempore
1000 2321 1056 2382 fa
1119 2343 1215 2381 am
1252 2324 1375 2382 effe.
1460 2322 1745 2393 Secundo,
1779 2322 1881 2382 illa

131 2404 312 2463 verba
350 2401 521 2461 fimul
575 2401 903 2482 conjuncta,
955 2404 1308 2484 frangensque
1345 2421 1542 2482 panem
1596 2427 1658 2464 ac
1703 2405 1878 2475 edens,

52 2554 55 2559 ⁵
134 2484 206 2545 ἔθ’
250 2483 373 2543 dum
424 2484 688 2565 loquutus,
733 2484 1150 2555 demonstrant,
1195 2485 1401 2546 nullum
1439 2486 1664 2566 religiosi
1707 2485 1883 2556 cultus

134 2572 313 2625 abtum
339 2566 523 2645 fuzffe,
568 2565 664 2624 sed
703 2565 862 2646 quod
905 2565 1098 2624 rever-21
1144 2567 1362 2627 edebant
1406 2568 1481 2627 ad
1512 2571 1740 2645 corporis
1767 2568 1883 2645 sus-

34 2669 69 2702 .·
133 2651 492 2719 tentationem,
539 2647 613 2707 ad
655 2646 812 2728 quod
843 2646 1169 2708 faciendum
1213 2648 1523 2728 aliquando
1555 2665 1692 2708 tunc
1733 2665 1883 2708 tern-

134 2729 755 2808 porisbconveniebant
796 2728 1103 2789 Christiani
1136 2754 1153 2794 ·,
1197 2730 1257 2788 &
1299 2733 1435 2789 etim
1474 2729 1619 2791 illu-d
1642 2729 1885 2790 fecerint
1948 2763 1951 2766 ·

138 2814 196 2869 in
241 2809 452 2870 timore
511 2810 645 2882 Dei,
716 2811 1066 2871 differebant
1108 2810 1137 2867 ¹21
1210 2809 1463 2890 profanis
1519 2813 1883 2872 ethnicorum

137 2890 312 2962 festis,
378 2892 439 2951 ὅτ.
490 2892 603 2952 hoc
642 2892 881 2972 quidam
921 2908 1136 2952 vocant
1163 2892 1360 2972 festum
1395 2897 1606 2963 amoris,
1668 2894 1886 2975 quippe

142 2973 527 3054 congregatio
569 2973 750 3035 fiebat
790 2993 906 3033 non
933 2973 1122 3033 solum
1143 2974 1217 3034 ad
1247 2992 1506 3035 ventrem
1541 2975 1886 3047 satiandum,

139 3055 236 3114 vel
298 3053 357 3113 in
404 3055 580 3115 finem
629 3072 954 3126 externum,
1021 3055 1115 3114 sed
1150 3057 1346 3127 etiam,
1394 3073 1462 3118 ut
1489 3057 1622 3117 inde
1666 3058 1891 3138 accipe.-

142 3151 274 3195 rent
314 3137 674 3197 occasionem
734 3137 902 3198 simul
945 3137 1285 3197 comedendi
1332 3141 1392 3199 &
1439 3138 1669 3200 bibendi
1719 3139 1775 3198 in
1818 3141 1892 3199 ti-

144 3236 314 3276 more
356 3218 558 3279 Dei&
600 3219 896 3300 praesentia
936 3215 1076 3299 ejuS,
1124 3220 1262 3278 cim]
1302 3218 1411 3282 smt
1449 3219 1699 3303 populus
1726 3220 1842 3300 ejus
1869 3248 1890 3289 3

145 3317 322 3379 quem
370 3321 598 3377 rnorem
638 3321 755 3364 non
793 3301 1310 3444 condemrssbciimus
1347 3328 1364 3373 3
1411 3305 1573 3383 hujus
1622 3323 1726 3365 nec
1778 3303 1893 3362 alia

1243 3403 1272 3441 2
1379 3425 1381 3427 -
1791 3403 1895 3446 nec
