2086 3640
187 76 280 148 -De
297 81 571 145 Commun.
595 77 670 149 ἐπ’
693 80 913 148 «Panic.
932 97 1075 166 corp.
1105 83 1179 151 &
1203 79 1360 171 fhitg·
1385 87 1608 170 Christi·
1695 103 1774 179 38
1781 119 1822 182 5

71 190 184 253 effe
212 210 329 251 cor
374 190 611 253 oraliter
645 189 738 251 seu
778 186 1247 258 substantialiter,
1293 186 1388 246 sed
1415 202 1613 249 tamen
1654 193 1826 255 reali.

70 286 163 331 ter
208 271 271 332 δε
342 272 811 334 aeramentaliter
846 269 1027 354 recipi
1067 269 1101 328 ὲ
1143 267 1414 330 fidelibus
1441 267 1499 328 in
1528 270 1628 330 usu
1657 277 1825 354 panis

69 351 135 411 ac
189 353 311 413 vini
335 379 356 421 ·,
398 353 496 415 sed
534 353 835 436 quomodo
872 353 1000 425 fiat,
1047 350 1278 432 prorsus
1297 349 1592 431 ignorant,
1635 374 1826 436 neque

67 435 259 495 dicere
306 436 560 517 poss‘unt,
639 434 704 494 ὅτ.
746 449 940 495 tamen
999 448 1246 513 oportet
1286 431 1420 492 illos
1461 434 1693 515 credere
1737 437 1825 498 ibi

68 518 205 589 effe,
250 517 388 577 licet
427 514 666 598 proprie
693 514 1066 576 solummodo
1113 512 1184 573 fit
1210 515 1270 576 in
1298 513 1479 575 coelis.
1565 515 1824 580 Minime

73 598 217 659 mihi
258 596 564 659 confilium
597 595 702 666 est,
747 595 830 656 fin
918 595 1114 656 larum
1129 613 1332 655 earum
1359 596 1701 677 opinionum
1730 619 1820 662 re·

68 679 415 743 &tationem
470 676 715 760 aggredi
733 700 755 745 ς
826 616 1184 758 &figulatum
1245 676 1403 737 enim
1443 682 1715 741 authores
1751 682 1818 743 δε

66 760 459 823 affirmatores
496 757 726 822 abunde
756 757 888 819 satis
926 758 982 819 se
1021 755 1271 819 invicem
1320 757 1681 835 refellerunt‚
1751 762 1819 823 δε

66 843 197 905 sunt
245 841 458 924 singuli
498 861 618 903 non
657 839 846 900 minus
880 837 1082 910 forteS,
1125 837 1190 898 δε
1211 837 1243 897 ἰ
1261 839 1561 922 Scriptura
1581 842 1821 905 &recta

65 924 315 996 ratione,
361 925 420 987 in
464 921 520 984 se
562 920 810 983 invicem
841 919 1167 992 refiitand0‚
1213 938 1392 1001 quam
1419 922 1735 985 imbecilles
1754 927 1819 986 δι’

63 1004 267 1087 frigidi
292 1005 424 1066 sunt
460 1004 516 1064 in
537 1003 859 1086 propriam-
878 1002 1038 1063 suam
1071 1001 1410 1063 sententiam
1438 1003 1815 1075 stabiliendo;

63 1088 208 1149 serio
251 1087 408 1148 enim
462 1086 526 1144 &
583 1083 791 1164 saepius
839 1084 1156 1165 respectiva
1219 1102 1424 1146 eorum
1481 1083 1693 1167 scripta
1726 1089 1818 1149 le,-

63 1187 207 1250 gens
246 1166 571 1238 observavi,
636 1167 726 1245 (δε
772 1165 901 1226 haec·
940 1164 1094 1225 forte
1154 1163 1427 1246 aliorum.
1471 1167 1649 1227 etiam
1705 1168 1818 1230 fuit

61 1251 421 1329 observatio)
463 1247 626 1328 quod
673 1268 795 1308 non
840 1246 1028 1327 magis
1067 1244 1333 1305 faeliciter
1371 1245 1622 1313 aliorum
1667 1249 1815 1309 invi..

61 1352 191 1391 cem
231 1331 535 1412 opiniones
573 1329 862 1400 refutent,
893 1329 1070 1409 quam
1102 1327 1419 1406 miserrime
1446 1347 1813 1408 premantur,

61 1415 199 1473 cum
241 1412 316 1473 ad
372 1410 677 1493 propriam
727 1408 1004 1471 tuendam
1043 1409 1296 1491 veniant,
1363 1410 1441 1470 ita
1480 1426 1548 1470 ut
1601 1412 1814 1493 saepitls

59 1493 411 1555 concludere
445 1494 683 1553 coactus
733 1489 863 1564 fim,
909 1511 982 1551 ex
1026 1491 1091 1550 iis
1139 1490 1329 1552 nullos
1369 1492 1634 1571 mysterii
1679 1494 1814 1556 sub-

59 1574 329 1636 stantiam
365 1573 632 1654 attigifl'e.
718 1575 876 1633 Cum
915 1572 1045 1633 satis
1084 1573 1317 1632 abunde
1377 1573 1647 1636 Calvinus
1690 1576 1814 1658 pri-

56 1677 192 1718 ores
233 1655 376 1716 duas
421 1654 726 1715 sententias
763 1653 1125 1725 refutaverit,
1171 1654 1490 1725 videamus,
1536 1676 1678 1716 num
1707 1657 1815 1719 fae-

59 1739 230 1799 licior
279 1737 351 1798 fit
399 1739 461 1796 ln
495 1735 598 1795 illa
648 1735 1009 1807 stabilienda,
1095 1755 1277 1817 quam
1330 1736 1636 1797 veritatem
1699 1742 1812 1802 effe

56 1819 373 1890 contendit,
427 1817 550 1899 qui,
615 1818 908 1899 prioribus
950 1815 1233 1888 refutatiS,
1277 1817 1453 1896 plane
1496 1819 1708 1881 nescire
1754 1826 1812 1883 se

57 1902 297 1972 fatetur,
370 1899 511 1981 quid
545 1918 749 1959 earum
786 1899 922 1958 loco
962 1899 1258 1957 affirmare
1299 1914 1595 1978 oporteat,
1666 1923 1809 1966 nam

56 1983 367 2064 postquam
407 1981 507 2040 diu
546 1980 776 2041 locutus
817 1979 920 2050 est,
965 1979 1027 2037 &
1068 1978 1302 2039 tandem
1351 1981 1631 2042 conclusit
1671 2003 1810 2045 cor—

53 2085 163 2146 pus
210 2062 424 2123 Christi
473 2061 556 2122 ibi
603 2062 731 2133 effe,
802 2060 864 2118 &
917 2077 1190 2141 oportere
1237 2059 1459 2120 sanctos
1498 2064 1808 2129 necefl‘ario

54 2166 132 2207 ex
184 2144 292 2205 illo
353 2143 729 2226 participare,
803 2142 1039 2202 tandem
1119 2142 1204 2202 his
1240 2143 1433 2203 verbis
1462 2145 1611 2206 finit.
1668 2147 1805 2210 lnst.

50 2226 144 2290 lib.
167 2249 225 2303 4.
255 2242 373 2305 cap.
403 2224 543 2286 xvii.
591 2227 649 2304 fi
702 2226 1087 2306 interrogabor,
1133 2223 1399 2307 quomode,
1465 2230 1682 2290 minime?
1723 2248 1807 2292 me

42 2309 269 2389 pudebit
321 2309 559 2384 confiteri
600 2309 758 2368 nimis
805 2328 1065 2367 arcanum
1111 2309 1228 2388 ff,
1292 2327 1390 2388 quo
1429 2310 1636 2387 spiritu
1695 2334 1806 2373 mco

51 2389 484 2469 comprehendam
512 2388 666 2460 illud,
702 2387 806 2449 ¹vel
837 2389 1020 2449 verbis
1058 2390 1354 2468 explanem.
1439 2391 1567 2455 Hic
1594 2393 1801 2453 admo-

52 2472 196 2532 dum
237 2470 488 2551 ingenue
538 2470 685 2551 agit,
749 2470 938 2551 ecquis
985 2485 1178 2531 tamen
1235 2469 1585 2534 existimaret
1620 2474 1803 2534 talem

51 2554 247 2614 virum
288 2553 365 2611 ad
407 2552 508 2612 has
547 2551 833 2632 angustias
883 2550 1180 2613 redactum
1236 2550 1305 2611 iri
1346 2551 1403 2630 in
1460 2553 1801 2631 sententiam

52 2633 215 2695 suam
257 2633 686 2706 confirmando,
732 2637 868 2695 cum
917 2634 1093 2715 paulo
1137 2632 1287 2702 ante,
1334 2634 1542 2693 eodem
1585 2636 1796 2715 capite,

38 2717 171 2797 Jeft'.
204 2734 296 2793 15.
328 2716 554 2776 accuset
579 2715 938 2776 scholasticos
965 2714 1304 2775 Pontificios
1329 2715 1529 2794 (idque
1557 2715 1798 2797 merito)

51 2796 192 2878 quod
235 2806 398 2880 neque
435 2796 819 2880 intelligebant,
885 2817 977 2856 nec
1016 2795 1140 2855 aliis
1193 2794 1487 2873 explanare
1516 2810 1794 2874 poterant,

48 2879 295 2960 quomodo
333 2878 577 2956 Chrtstus
603 2881 684 2958 stt
708 2883 762 2940 in
811 2879 1156 2956 eucharzstid,
1237 2877 1396 2957 quod
1441 2877 1621 2957 paulo
1661 2881 1795 2960 post

51 2958 292 3032 fatetur,
359 2979 462 3021 nec
500 2960 741 3041 seipsum
781 2959 971 3020 facere
1011 2961 1186 3041 polse.
1269 2957 1327 3016 Si
1370 2957 1550 3038 igitur
1594 2961 1798 3022 Ponti-

49 3041 172 3103 ficii
218 3040 535 3103 scholastici
577 3041 904 3102 doctrinam
946 3041 1052 3101 hac
1092 3041 1146 3101 in
1194 3058 1254 3099 re
1289 3058 1393 3099 nec
1441 3039 1793 3121 intelligant,

49 3141 158 3183 nec
216 3122 339 3184 aliis
379 3123 693 3206 explanare
735 3126 992 3210 poffint,
1046 3142 1226 3203 neque
1275 3119 1472 3201 spiritu
1519 3123 1621 3182 suo
1662 3143 1790 3183 eam

31 3204 545 3288 'comprehendere
595 3206 769 3286 poffit
826 3204 940 3284 ipse
1002 3203 1290 3273 Calvinus,
1373 3222 1557 3283 neque
1601 3206 1794 3264 verbis

49 3286 384 3369 explanare,
432 3285 590 3368 quod
632 3286 802 3368 plane
852 3286 1010 3425 ideam*
1061 3285 1163 3356 est,
1228 3283 1369 3344 nihil
1417 3286 1492 3346 ab
1542 3286 1792 3375 utrisque

119 3397 125 3402 .
1013 3387 1043 3425 c
1621 3385 1789 3426 certi*
