2086 3640
264 96 338 155 ες»,
424 44 794 150 τΗΕεῑέ
855 78 1286 162 ⁴§QUJNTA
1334 79 1406 143 &5
1469 76 1818 142 SEXTA.
2044 0 2086 138 i

341 216 440 263 eos,
504 196 593 271 qui
639 189 939 265 distinttam
977 198 1250 247 externam
1296 189 1476 247 mortis
1502 187 1840 268 pqfflonisque
1876 192 1986 272 ejus
2076 192 2086 262 ’ξ

342 275 533 333 habent
570 272 920 352 cognitionem,
968 270 1111 345 ficut
1146 290 1212 329 ea
1267 272 1322 328 in
1363 269 1651 347 Scripturis
1705 269 1982 332 declarata
2063 269 2075 306 Ὗ

343 359 439 423 eft,
489 352 589 426 secl
626 351 701 410 ad
736 350 855 409 illos
894 353 1073 420 etiam,
1119 353 1210 431 qui
1249 350 1319 410 ab
1359 350 1511 432 hujus
1548 354 1845 432 cognitionis
1891 354 1979 413 be-

340 436 540 507 neficio,
585 434 702 510 casti
745 432 920 513 aliquo
947 432 1247 503 inevitabli‚
1293 432 1570 512 neceffarib
1597 431 1982 493 excluduntur.-

340 535 498 592 quam
520 515 850 593 cognitionem
886 512 1104 572 libenter
1128 512 1440 574 concedimus
1475 536 1502 572 e
1542 536 1568 572 e
1598 512 1881 590 perutilem
1909 515 1981 576 ΕΒ)
2078 517 2086 578 ἰ

337 594 789 673 consolabundam,
819 589 917 672 sed
952 616 1051 654 non
1080 594 1306 674 absoluto²
1341 614 1457 660 nece
1499 596 1674 654 ariam
1703 593 1834 665 illis,
1864 598 1979 676 qui-

341 676 436 734 bus
474 676 573 754 ipse
591 677 739 735 Deus
781 697 895 735 eam
917 675 1264 753 impoffibilem
1290 672 1425 752 fecit
1451 697 1470 732 .·
1511 675 1645 735 tales
1671 679 1808 735 enim
1839 673 2006 752 par-L

340 759 519 834 ticipes
549 758 698 832 fiunt
736 758 964 833 beneficii
1004 759 1230 838 mysterii
1269 759 1449 816 mortis
1486 758 1593 838 ejus
1638 757 1787 832 (licet
1826 758 1983 833 histo-
2072 815 2073 819 ,

344 841 440 897 rice
477 840 682 930 ignari)
711 840 768 917 st
801 838 1004 918 scilicet
1042 839 1384 916 obtemperent
1429 835 1628 896 semini
1665 837 1728 897 &
1775 838 1983 916 lumini

340 917 473 998 ejus*
498 920 755 981 illucenti
802 919 1069 981 cordibus
1123 919 1250 991 sui3‚
1316 918 1374 978 in
1414 932 1532 997 quo
1571 917 1789 980 lumine
1824 939 1985 979 com-

342 1001 542 1062 munio
583 1001 829 1062 habetur
869 1022 1002 1060 cum
1045 1001 1218 1062 Patre
1257 999 1319 1059 ὅτ
1359 998 1534 1072 Filio,
1579 1003 1660 1061 ita
1685 1012 1746 1062 ut
1783 1021 1848 1061 ex
1884 1004 1983 1062 im-

333 1085 442 1159 piis
477 1085 661 1143 Santti
693 1084 860 1157 fiunt,
908 1082 977 1143 fs?
1027 1095 1287 1141 amatores
1322 1084 1575 1159 potentia*
1622 1081 1793 1152 illius,
1839 1085 1982 1164 cujus

343 1166 561 1224 internis
610 1164 678 1224 &
705 1164 916 1242 secretis
956 1165 1164 1224 viribus
1207 1164 1275 1224 {9³
1324 1163 1642 1222 contactibus
1665 1164 1728 1240 se
1765 1160 1801 1222 ὰ
1843 1163 1985 1222 malo
2083 1220 2086 1228 .

343 1245 419 1304 ad
453 1247 638 1305 bonum
659 1248 889 1305 converti
903 1246 1155 1322 sentiunt,
1202 1244 1270 1305 ἐξ
1312 1244 1502 1313 doceri,
1545 1242 1706 1323 quod
1725 1241 1830 1304 fibi
1858 1243 1986 1304 fieri
2082 1234 2086 1283 ¹

343 1326 570 1397 nolunt,
636 1326 800 1384 alteri
855 1346 971 1386 non
1013 1326 1215 1395 facere,
1279 1329 1334 1383 in
1390 1326 1574 1405 quibus
1611 1326 1712 1403 ipse
1748 1324 1989 1402 Christus
2082 1314 2086 1401 4

344 1407 579 1481 affirmat
606 1411 779 1466 omnia
807 1407 1021 1467 includi.
1107 1409 1256 1467 Sicut
1273 1409 1438 1488 igitur
1451 1406 1604 1485 falso
1635 1405 1705 1467 δέ
1742 1406 1990 1467 haereticae?
2066 1424 2070 1473 ζ

341 1487 643 1556 docuerunt,
687 1493 776 1568 qui
805 1489 1073 1565 Christum
1101 1505 1205 1567 pro
1243 1488 1477 1548 omnibus
1517 1499 1776 1547 mortuum
1827 1489 1993 1568 fuiſje

342 1567 668 1649 denegcirunt
700 1593 717 1634 ;
764 1572 843 1627 ita
888 1591 976 1628 nec
1001 1571 1139 1647 satis
1180 1568 1388 1628 abunde
1418 1571 1701 1628 veritatem
1730 1574 1988 1630 annunci-

342 1648 530 1719 cirunt,
576 1654 665 1729 qui
705 1650 1026 1726 affirmantes
1068 1650 1334 1725 Christum
1366 1665 1473 1726 pro
1516 1650 1748 1710 omnibus
1789 1667 1987 1714 mortu-

341 1751 431 1790 um
456 1731 637 1812 fuzffl,
703 1729 990 1809 absolutam
1017 1743 1244 1790 externce
1282 1731 1511 1809 historice
1556 1733 1853 1811 cognitionis
1894 1755 1986 1795 ne-

339 1812 610 1887 ceffitatem
639 1811 974 1884 addiderunt,
1020 1812 1095 1872 ad
1119 1811 1478 1892 affequendum
1503 1810 1848 1893 fizlutiferum
1883 1818 1993 1895 ejus

339 1894 600 1970 effectum.
687 1894 838 1953 Inter
883 1915 1005 1974 quos
1030 1895 1307 1972 praecipue
1335 1893 1762 1971 Remonslrantes
1788 1894 1990 1979 Belgici
2069 1901 2086 1959 ζ’

326 1976 575 2053 fuerunt,
643 1974 712 2035 69³
763 1973 861 2034 alii
919 1975 1208 2053 complures
1254 1974 1572 2052 universalis
1626 1975 1989 2056 redemptionis

341 2057 731 2132 ctffi'rmatore53
776 2056 1007 2136 eoquod
1030 2078 1131 2116 non
1157 2057 1441 2135 posuerunt
1463 2054 1662 2134 salutis
1700 2058 1854 2140 hujus
1891 2080 1982 2120 ex·
2069 2107 2078 2136 ἐ,

340 2141 612 2215 tenfionem
654 2137 723 2199 δέ
768 2133 1151 2208 exhibitionem,
1218 2141 1274 2197 in
1313 2135 1496 2197 divino
1544 2137 1639 2197 illo
1677 2138 1747 2200 δέ’
1787 2140 1984 2203 Evan-
2067 2139 2078 2186 -'·

333 2221 496 2300 gelico
533 2221 797 2296 principio
838 2217 1051 2280 luminis
1093 2218 1162 2280 δέ
1206 2221 1354 2289 vitae,
1401 2220 1510 2298 qud
1550 2217 1808 2280 Christus
1849 2220 1986 2282 illu-
2068 2221 2070 2227 ’

339 2300 583 2359 minavit
621 2319 856 2359 omnem
892 2299 1185 2360 hominem
1221 2299 1546 2374 venientem
1585 2298 1641 2359 in
1683 2301 1986 2376 mundum,
2070 2302 2073 2341 ³

339 2382 475 2461 quod
508 2380 777 2459 praeclare
826 2381 894 2442 &
927 2382 1198 2461 perspicue
1237 2382 1510 2442 exhibetur
1556 2382 1639 2442 his
1677 2373 1985 2464 Scripturis.

343 2462 490 2522 Gen.
521 2463 596 2522 vi.
638 2483 693 2540 3.
728 2475 740 2493 ¹
781 2461 954 2522 Deut.
985 2483 1120 2522 xxx.
1154 2484 1245 2540 14.
1329 2463 1540 2544 Johan.
1562 2462 1600 2523 i.
1634 2479 1693 2542 7,
1720 2467 1778 2536 8,
1801 2485 1862 2546 9,
1894 2465 1986 2528 16.

340 2543 519 2603 Rom.
549 2564 606 2604 x.
652 2547 706 2603 8.
791 2543 918 2603 Tit.
961 2543 1016 2603 ii.
1069 2566 1162 2604 11.

439 2704 904 2766 ACTENUS
954 2705 1171 2767 statum
1189 2705 1707 2788 hominislapsum,
1747 2708 1994 2790 degene-

467 2803 679 2858 ratum,
743 2788 806 2846 ὅτ
847 2804 1192 2867 corruptum
1234 2787 1727 2849 confideravimuS.
1814 2792 1994 2852 Nunc
2082 2803 2086 2869 ,j

253 2890 402 2948 opus
424 2869 504 2927 est
534 2868 834 2947 inquirere,
859 2869 1177 2949 quomodo,
1219 2870 1532 2950 quibusque
1551 2868 1748 2931 mediis
1787 2892 1859 2932 ex
1879 2872 1987 2937 hfic

255 2950 458 3014 miserzi
499 2949 561 3007 &
600 2950 916 3030 depravata?
957 2950 1282 3012 conditione
1305 2950 1616 3012 liberetur:
1666 2952 1829 3033 quod
1842 2946 2002 3029 hisce·
2079 3001 2080 3026 3

253 3033 474 3092 duabus
515 3030 766 3092 thefibus
805 3032 1023 3091 editum
1063 3033 1125 3091 ὅτ
1165 3031 1618 3093 demonstratum
1653 3033 1758 3108 est,
1819 3031 1986 3112 quas-

253 3133 364 3191 que
385 3112 554 3172 fimul
584 3112 906 3174 traebmda's
928 3114 989 3172 &
1016 3111 1411 3190 defendenda-5,
1454 3130 1699 3201 propter
1725 3112 1982 3180 materiae
2076 3135 2083 3192 g

252 3193 611 3266 affinitatem,
653 3193 980 3261 censuimus-

1779 3277 1976 3360 Qron
