2086 3640
233 134 321 193 De
341 129 632 210 universali
659 129 728 194 &
743 128 1024 211 salutifero
1054 129 1249 191 lumine
1291 130 1422 211 Jesu
1447 128 1661 207 Christi.
1712 143 1822 206 153

114 222 139 234 ⁷
181 237 447 298 XXVII.
489 238 569 296 S1
593 257 627 295 c
672 249 934 319 apparet,
980 235 1261 294 internam
1303 232 1722 312 operationem,
1766 231 1830 288 gc

25 338 27 341 ·
103 337 220 378 non
255 333 552 378 externam
580 316 894 384 historiam,
957 317 1049 374 seu
1078 314 1458 395 Scripturam,
1503 332 1700 372 veram
1727 311 1830 370 sci-

4 424 8 427 *
103 398 318 458 entiam
347 398 792 458 communicare.
877 397 1018 476 Qo
1061 397 1285 455 interno
1318 393 1534 454 lumine
1574 393 1831 472 plerique

104 499 177 537 ex
216 479 435 538 Graecis
477 476 862 558 Philosophis,
907 475 1124 546 damni,
1186 475 1342 556 quod
1380 495 1484 556 per
1528 475 1828 534 Adamum

105 561 284 632 venit,
327 558 604 618 senfibiles
646 573 827 627 erant,
848 560 851 569 ²
875 556 1010 615 licet
1049 560 1343 616 externam
1395 555 1686 615 historiam
1715 575 1833 614 non

105 641 526 720 cognoscerent.
612 638 773 698 Hinc
817 637 992 698 Plato
1032 637 1279 708 dicebat,
1340 639 1560 696 hominis
1597 641 1832 697 animam

103 723 162 778 in
201 722 463 799 obscuram
499 739 785 779 cavernam
833 718 1074 797 incidiffi’,
1140 719 1230 778 ubi
1276 740 1393 778 cum
1435 719 1633 778 umbris
1656 718 1835 796 solnm

102 803 440 879 versabatur.
525 800 606 870 Et
638 802 1002 882 Pythagoras
1030 798 1198 868 dixit,
1244 799 1498 859 hominem
1540 802 1596 859 in
1644 799 1836 859 mundo

104 881 379 962 divagari,
445 883 591 962 quast
618 886 977 965 peregrinum,
1039 883 1075 940 a
1131 882 1239 940 Dei
1270 882 1554 960 preesentia'
1610 880 1832 940 exulem.

19 977 21 979 ’
105 960 188 1021 Et
230 962 516 1033 Plotinus,
576 965 795 1024 hominis
846 965 1080 1022 animam
1133 975 1408 1039 comparat
1462 962 1697 1031 carboni,
1777 964 1836 1026 in

107 1064 203 1123 quo
238 1047 370 1124 ignis
405 1048 661 1105 extinbius
683 1046 772 1122 est.
859 1043 1115 1125 Qidam
1163 1043 1448 1112 dicebant,
1495 1045 1688 1101 anima·
1716 1041 1839 1101 alas

33 1155 35 1157 ·
105 1124 202 1202 effe
245 1127 482 1203 reselias,
527 1126 620 1184 vel
666 1128 930 1204 abreptas,
975 1138 1035 1184 ut
1064 1124 1137 1184 ad
1152 1125 1328 1183 Deum
1356 1122 1571 1183 evolare
1606 1143 1707 1181 non
1738 1138 1837 1198 po-
1906 1152 1913 1158 -

105 1207 283 1265 tuerit.
369 1209 523 1288 Qae
563 1207 758 1266 omnia
797 1207 859 1265 &
908 1207 1094 1265 multa
1122 1205 1232 1264 alia
1280 1205 1337 1264 in
1381 1202 1598 1281 scriptis
1635 1206 1838 1263 eorum'

108 1285 237 1345 loca
285 1286 411 1345 satis
439 1287 753 1357 declarant,
817 1288 930 1346 hoe
969 1288 1246 1347 damnum
1296 1305 1391 1344 eos
1435 1304 1551 1343 non
1600 1283 1840 1343 omnino

106 1364 421 1443 ignorasse:
469 1369 664 1445 Jesum
688 1367 980 1428 Christum
1002 1367 1174 1427 etiam
1202 1367 1352 1427 intsis
1392 1364 1838 1447 cognoscebant,

11 1478 15 1481 ’
106 1447 265 1526 quafi
309 1449 626 1511 remedium
676 1449 750 1511 ad
777 1449 1100 1512 liberandos
1128 1469 1223 1508 eos
1260 1448 1290 1505 {1
1324 1448 1482 1507 malo
1528 1446 1634 1505 isto
1675 1446 1839 1506 semi-

23 1536 30 1540 ’
105 1547 198 1599 ne,
243 1529 304 1587 &
348 1530 539 1610 pravis
581 1529 1065 1604 inclinationibuS,
1117 1530 1251 1594 licet
1288 1537 1404 1590 non
1438 1529 1542 1589 sub
1579 1527 1838 1587 denomi-

108 1609 338 1670 natione
367 1612 482 1672 ina.
864 1641 867 1643 ¹
1677 1630 1681 1634 ’

192 1693 480 1774 Qn-DAM
519 1696 810 1756 vocabant
844 1715 977 1755 eum
1016 1697 1267 1756 Samum
1316 1695 1592 1772 Spiritum,
1637 1707 1704 1751 ut
1743 1695 1840 1755 Se-

106 1774 499 1854 neca,ssEpist.
559 1797 659 1849 41.
725 1776 846 1859 Qi
877 1777 1107 1836 dicebat
1155 1779 1210 1835 in
1259 1777 1401 1835 nobis
1454 1775 1547 1854 effe
1586 1775 1840 1836 Sannum

105 1853 387 1927 Spiritum,
434 1859 523 1936 qui
549 1857 688 1917 docet
714 1879 823 1929 nos,
860 1870 1023 1935 prout
1051 1857 1203 1916 illum
1225 1860 1517 1934 recipimus.
1603 1855 1836 1928 Cicero,

110 1936 350 1995 innatum
395 1935 568 1996 lumen
608 1955 782 1998 vocat
828 1937 882 1995 in
936 1938 1035 1997 lib.
1079 1938 1150 1995 de
1200 1936 1495 2016 republica
1530 1933 1558 1991 31
1593 1936 1836 1997 Laetam.

109 2014 264 2074 citat.
314 2018 366 2075 6.
411 2018 591 2077 Instit.
625 2021 679 2077 8.
722 2019 982 2078 ubihanc
1017 2026 1218 2078 reblam
1246 2021 1503 2077 rationem
1530 2034 1707 2076 vocat
1733 2040 1839 2078 om-

0 2099 1 2104 ’
70 2096 259 2154 =nibus
300 2098 503 2170 datam,
548 2101 857 2175 constantem
901 2100 970 2160 ὅθ’
1011 2113 1285 2170 aeternam,
1335 2099 1408 2158 ad
1436 2098 1656 2176 officinm
1691 2116 1838 2178 prae-

106 2179 336 2253 cipiendo
361 2193 655 2250 vocantem,
704 2182 739 2239 a
783 2180 991 2260 fraude
1026 2181 1252 2241 vetando
1299 2181 1658 2252 deterrentem,
1704 2183 1843 2241 hanc

107 2258 359 2339 abrogari
402 2283 500 2321 non
532 2262 671 2342 poffi’
696 2284 716 2319 .·
786 2284 946 2342 neque
992 2264 1059 2322 ab
1109 2261 1225 2322 ullo·
1261 2263 1459 2322 Senatu
1507 2262 1601 2322 vel
1644 2264 1842 2342 popula

109 2344 419 2418 quempiam·
439 2343 662 2403 liberari
687 2367 706 2409 ·,
736 2373 739 2376 ⁴
770 2345 909 2403 hanc
937 2364 1100 2402 unam
1125 2345 1524 2422 sempiternam,
1569 2347 1842 2405 immorta-

110 2419 233 2491 lem,
277 2425 508 2484 omnibus
535 2425 830 2485 nationibus
855 2427 1064 2503 semper
1110 2425 1345 2495 eandem,
1392 2438 1581 2485 utnon
1610 2429 1690 2502 stt
1725 2427 1841 2485 alia

109 2503 316 2575 Romae,
363 2506 477 2566 alia
526 2507 750 2566 Athenis
777 2529 796 2564 .·
838 2509 926 2586 qui
962 2508 1082 2565 huic
1111 2527 1211 2566 non
1246 2508 1482 2584 parebit,
1528 2508 1628 2583 ipse
1655 2509 1714 2585 se
1737 2509 1840 2585 fn-

102 2586 231 2662 giet,
278 2599 432 2666 atque
467 2589 556 2650 hoc
595 2589 695 2664 1]pr
739 2587 846 2646 luet
881 2590 1142 2647 maximas
1159 2604 1364 2664 peenas,
1411 2589 1610 2664 etiamst
1645 2602 1841 2649 caetera

96 2664 363 2741 ficpplicia
399 2689 513 2748 quae
546 2681 816 2746 putantur
862 2670 1121 2747 effugerit.
1210 2668 1497 2738 Plotinus,
1546 2667 1719 2728 lumen
1747 2671 1842 2729 hoc

109 2746 312 2827 vocat,
336 2747 546 2818 dicens,
589 2748 741 2828 quod,
771 2750 914 2825 ficut
942 2770 1041 2806 non
1063 2748 1279 2807 videtur
1302 2748 1403 2826 sol,
1450 2751 1669 2826 nistsucl
1699 2751 1834 2822 luce,

97 2827 184 2904 fic
223 2846 314 2883 nec
359 2829 527 2897 Deus,
589 2832 686 2906 nist
712 2831 821 2906 sud
850 2828 961 2886 luce
987 2830 1292 2907 cognostitnr
1319 2852 1338 2886 .·
1382 2830 1450 2890 69⁹
1482 2832 1627 2908 ficut
1663 2833 1840 2891 oculus

116 2928 216 2964 non
253 2907 400 2965 videt
425 2909 608 2985 sblem,
654 2912 753 2986 nzfi
792 2913 1065 2990 imaginem
1105 2912 1207 2990 ejus
1257 2912 1524 2988 recipiens,
1571 2915 1649 2971 ita
1687 2930 1837 2990 opor-

80 2994 83 2997 ’
113 3000 236 3046 teat⁴
280 2990 438 3046 etiam
478 2990 732 3048 hominem
788 2990 864 3049 ad
887 2993 1178 3067 puritatem
1213 2991 1379 3051 cordis
1424 2996 1628 3062 venire,
1689 3007 1838 3053 ante-

74 3089 273 3152 ⁴‘quam
320 3068 497 3128 Deum
524 3070 710 3148 nostat.
794 3073 1146 3149 Frequenter
1193 3071 1366 3130 etiam
1411 3075 1738 3150 Sapientiam
1768 3076 1836 3133 il-

116 3150 227 3207 lum
268 3150 549 3220 vocabant,
616 3170 827 3210 nomen
869 3151 1098 3210 Christo
1145 3151 1292 3231 saepe
1335 3152 1387 3211 in
1419 3154 1707 3234 Scriptura
1736 3157 1836 3216 da-

112 3243 259 3288 tum.
345 3229 494 3288 Vide
536 3231 712 3290 Prov.
743 3230 778 3289 i.
812 3249 906 3290 20.
952 3231 1024 3291 ad
1057 3233 1249 3291 finem.
1294 3233 1355 3292 δε
1399 3235 1574 3294 Prov.
1604 3236 1718 3295 viii.
1770 3242 1833 3316 9,

42 3318 94 3409 *6ss
117 3330 215 3391 34.
254 3309 355 3374 ubi
402 3312 670 3396 fhpientia
709 3325 864 3376 vocat
900 3313 968 3376 ΕΞ)
1017 3315 1216 3377 invitat
1252 3333 1442 3390 omnes,
1503 3329 1563 3376 ut
1608 3338 1724 3376 eam
1749 3320 1835 3395 st’-

54 3421 58 3427 ·
1550 3411 1827 3480 quantur„
