2086 3640
200 74 329 145 '424
410 64 1834 147 THESIS'DECIMAQUARTA.

208 179 392 243 mines
426 177 700 259 poffunt3
744 175 837 234 sed
870 173 1064 233 secreti
1094 175 1418 257 hypocritae
1454 195 1666 254 corpus
1710 172 1945 235 inficere

208 261 272 319 &
311 258 655 319 fermentare
705 255 1122 315 inadvertenter
1166 257 1413 336 possunt.
1498 255 1629 330 Sed,
1675 255 1718 314 fi
1745 256 1948 316 difl‘en-

210 341 414 401 tientes
450 340 488 397 ii
534 337 850 397 constantes
894 338 1056 406 fiant,
1102 338 1162 396 ὅτ.
1204 336 1651 415 magnanimiter
1679 356 1790 417 pro
1831 336 1953 395 sen-

211 421 405 481 ¹tentiis
445 419 551 477 suis
593 419 908 498 patiantur,
974 419 1320 500 experientia
1348 417 1725 488 demonstrat,
1778 418 1956 477 talem

219 499 758 580 magnanimitatem
789 499 850 558 δε
880 500 1261 559 constantiam
1311 498 1461 582 saepe
1489 497 1563 557 ad
1590 497 1956 579 patientium,

219 601 516 661 nunquam
545 580 619 639 ad
654 579 1138 661 persequentium,
1184 577 1751 640 commendationem
1785 577 1910 638 fore
1939 602 1960 644 3

225 665 342 725 hoc
385 662 540 722 enim
582 661 732 741 saepe
775 661 1222 721 misericordiam
1261 660 1534 721 conciliat
1579 661 1640 719 &
1669 658 1965 720 curiofita-

230 761 349 804 tem
400 758 639 822 generat
686 741 804 802 aliis
846 742 1164 821 inquirendi
1206 741 1538 822 diligentius
1591 742 1650 802 in
1698 762 1788 812 ea,
1853 760 1966 822 pro

273 825 436 886 uibus
496 823 574 882 ita
615 823 939 883 constanter
975 824 1116 883 alios
1165 839 1322 883 tanta
1370 822 1625 902 pericula
1669 820 1855 882 subire
1881 821 1969 881 vi-

227 847 410 972 denn
454 904 514 963 &
557 902 688 963 inde
718 904 1014 985 saepiffime
1056 905 1330 975 creditur,
1375 924 1488 963 non
1511 902 1613 963 nifi
1635 902 1787 964 bona
1808 901 1970 962 causi

233 988 364 1048 illos
414 1007 478 1045 ca
523 985 830 1065 pertulisse,
877 989 1009 1045 curn
1051 985 1286 1044 minime
1333 983 1639 1065 probabile
1679 982 1771 1054 fit,
1815 983 1976 1061 quod

234 1066 497 1127 homines
563 1067 758 1126 omnia
807 1067 1134 1148 periclitari,
1198 1065 1319 1125 imo
1359 1066 1420 1124 &
1466 1066 1652 1127 vitam
1711 1063 1975 1125 amittere

238 1149 423 1208 velint
475 1147 631 1207 nulla
673 1147 780 1207 alia
847 1149 1029 1218 causa,
1097 1146 1196 1206 nifi
1244 1163 1312 1206 ut
1371 1147 1590 1209 famam
1651 1145 1975 1226 acquirant,

239 1226 407 1309 quod
443 1229 502 1286 ὅτ
550 1228 663 1287 dici
712 1230 898 1308 potest
955 1230 1027 1288 ad
1085 1226 1345 1289 omnium
1389 1232 1717 1308 martyrum
1760 1225 1980 1286 famam

244 1308 630 1379 insidendam,
675 1309 778 1367 nifi
820 1310 1059 1370 meliora
1109 1326 1311 1368 contra
1356 1320 1452 1368 eos
1500 1307 1859 1368 adducantur
1887 1327 1980 1366 ar-

245 1407 549 1471 gumenta,
595 1390 772 1468 quam
808 1390 1032 1471 ignis&
1061 1390 1239 1449 furca.
1305 1389 1435 1460 Sed,
1482 1388 1675 1469 pofito
1701 1389 1812 1448 hoc
1834 1386 1983 1467 dog-

245 1487 426 1539 mate,
472 1472 681 1530 habere
711 1471 1114 1550 magistratum
1145 1470 1487 1549 potestatem
1505 1468 1821 1548 adurgendi
1849 1487 1986 1529 con-

246 1551 502 1612 scientias
539 1550 922 1622 subditorum,
968 1552 1030 1609 ὅτ
1071 1550 1339 1629 puniendi
1383 1571 1499 1620 εοε,
1546 1549 1648 1608 nifi
1680 1549 1987 1632 obtempe-

247 1648 401 1704 rent,
449 1652 662 1711 magna
699 1631 1073 1691 incommoda
1110 1630 1171 1689 ὅτ
1208 1631 1449 1692 absurda
1484 1630 1810 1711 sequentur,
1854 1650 1991 1710 quae

248 1715 430 1775 etiam
449 1728 669 1773 naturae
693 1713 981 1793 religionis
1012 1712 1349 1772 Christianae
1380 1712 1803 1794 repugnabunt.
1862 1711 1991 1773 Pri-

252 1796 356 1855 mo
397 1793 549 1854 enim
618 1794 922 1853 necessario
978 1795 1260 1875 sequetur,
1325 1794 1534 1855 debere
1576 1792 1992 1872 Magistratum

256 1877 406 1936 hanc
442 1874 855 1934 authoritatem
905 1896 1187 1947 exercere,
1251 1896 1500 1955 eumque
1561 1873 1758 1934 officio
1790 1874 1992 1944 deesse,

260 1957 443 2016 finon
465 1972 745 2026 exerceat,
791 1957 852 2013 &
889 1977 1127 2035 peccare
1157 1957 1478 2015 omittendo
1500 1954 1779 2015 officium.
1826 1956 1998 2016 Non-

258 2058 332 2097 ne
361 2037 493 2097 hinc
543 2040 720 2115 igitur
765 2035 1091 2108 inferretur,
1137 2036 1369 2096 defuiffe
1417 2038 1712 2096 Christum
1745 2035 1999 2096 ecclefiae

261 2119 401 2189 suae,
446 2117 567 2197 qui,
631 2119 766 2176 cum
808 2118 930 2176 vim
972 2118 1045 2177 ad
1094 2116 1418 2197 cogendum
1467 2114 1751 2188 habuerit,
1812 2117 1875 2176 ὅτ
1918 2117 1995 2176 ad

263 2199 521 2278 legiones
578 2199 951 2280 Angelorum
989 2199 1338 2269 vocandum,
1386 2215 1578 2259 tamen
1625 2218 1743 2257 non
1783 2197 1847 2256 ea
1901 2219 2002 2258 au-

265 2278 544 2342 thoritate
572 2278 698 2338 usus
726 2280 826 2349 est,
870 2279 967 2338 sed
995 2279 1290 2339 ecclesiam
1334 2280 1650 2360 impiorum
1691 2278 1875 2338 furori
1902 2279 2003 2338 de-

269 2360 500 2440 reliquit
530 2359 645 2419 fin'e
684 2377 805 2420 tam
839 2361 1144 2420 neceffario
1183 2361 1668 2441 propugnaculo?
1715 2360 2000 2433 Secundo,

269 2442 411 2501 cum
441 2461 909 2522 unumquemque
947 2442 1365 2521 Magistratum
1398 2442 1598 2502 deceat
1625 2443 1772 2502 hanc
1799 2441 2006 2503 autho·

271 2522 502 2583 ritatem
551 2542 815 2582 exercere
861 2523 1168 2583 secundum
1213 2522 1399 2594 illam,
1465 2544 1640 2603 quam
1683 2523 1878 2592 habet,
1923 2522 2008 2582 in·

268 2602 395 2664 telli
443 2603 678 2674 entiam,
724 2607 785 2665 &
823 2619 1082 2664 teneatur
1102 2603 1181 2664 ita
1221 2624 1390 2684 agere
1418 2606 1504 2663 ad
1540 2603 2004 2684 promovendum

271 2624 441 2755 illuni,
488 2684 648 2765 quod
684 2685 740 2744 in
782 2685 1118 2746 conscientia
1164 2684 1259 2745 sua
1300 2685 1605 2746 veritatem
1647 2686 1754 2744 effe
1782 2684 2014 2764 persua-

274 2764 366 2826 sus
409 2765 513 2836 est,
558 2786 746 2825 nonne
784 2767 896 2826 hoc
927 2756 1272 2845 justificabit
1309 2767 1564 2827 ethnicos
1593 2786 1791 2826 omnes
1819 2766 2027 2845 Impe->

277 2860 498 2907 ratores
550 2845 606 2906 in
661 2848 1142 2926 persecutionibus
1194 2848 1303 2908 suis
1358 2865 1560 2909 contra
1604 2846 2004 2907 Christianos?

280 2928 386 2986 An
437 2947 556 2987 non
600 2927 712 2987 hoc
741 2927 1084 3006 justificabit
1117 2928 1531 3010 Hispanensem
1560 2927 2005 3008 inquifitionem,

279 3027 414 3145 ssuae
462 3023 655 3068 tamen
697 3007 894 3070 odiosa
929 3010 1033 3081 est,
1096 3030 1215 3070 non
1260 3012 1487 3070 tantum
1535 3007 2006 3074 Protestantibus‚

280 3087 378 3155 sed
428 3087 492 3147 &
539 3088 861 3149 Pontificiis
908 3090 1434 3152 moderatioribus?
1507 3089 1830 3174 Qiomodo
1872 3105 2010 3144 con-

281 3166 557 3228 demnare
576 3170 806 3248 possunt
827 3172 1212 3232 Protestantes
1233 3171 1568 3234 Pontificios
1605 3183 1842 3252 propter
1880 3185 2011 3244 per-

287 3246 621 3322 secutiones„
668 3251 876 3330 quibus
925 3273 1022 3315 eos
1070 3250 1392 3334 persequuti
1439 3253 1587 3325 sunt,-
1634 3253 1768 3311 cum
1806 3246 2011 3336 autho-

1488 3343 1494 3348 ·
1775 3342 2004 3388 ritatem

1184 3395 1205 3403 μ.

1181 3412 1209 3422 υ
