2086 3640
283 89 405 168 364
484 87 960 149 THEJSIS
1039 77 1868 155 DUODECI'MA.

276 212 398 256 tem
440 196 552 255 hoc
599 193 778 254 modo
817 191 952 252 vere
991 191 1247 252 conversi
1268 192 1416 262 sunt,
1462 191 1541 253 ita
1576 207 1642 253 ut
1670 196 1839 257 bonae
1867 206 2007 258 c‘on·
2069 175 2072 177 Δ

276 277 525 339 sci-entiae*
572 274 978 335 confeffionern
1028 274 1274 334 habeant
1311 274 1374 332 ὅτ
1415 273 1711 335 Christum
1749 277 2004 349 induant,

278 358 346 416 gc
378 378 514 416 curn
552 356 657 414 illo
697 355 931 437 surgant
973 353 1031 413 in
1054 354 1337 415 *novitate
1363 354 1524 425 vitae,
1571 355 1852 435 baptizati
1876 359 2007 419 sunt

276 437 565 517 baptismo
593 436 855 517 Spiritus.
938 435 1050 495 Sed
1072 435 1195 515 quis
1222 435 1376 494 dicat
1414 435 1604 495 solum
1631 456 1844 516 paucos
1883 458 2002 511 em,

275 519 376 597 qui
419 518 502 578 ibi
529 517 795 576 dicuntur
830 518 862 575 a
903 515 1090 577 Paulo
1119 516 1398 596 baptizati
1437 515 1616 586 fuiffe,
1677 517 1751 577 ad
1790 517 2004 580 statum

282 600 432 659 hunc
475 598 834 679 pervenisse?
882 598 995 658 Vel
1046 614 1238 658 eratne
1278 597 1478 672 (etiam
1515 595 1703 677 posrtii
1745 597 2007 659 adversa-

276 680 497 740 riorum
547 679 1034 760 interpretatione)
1074 679 1260 741 minus
1296 677 1626 759 principalis
1651 698 1802 758 pam,
1826 680 2002 760 quam

275 760 399 821 ulla
445 759 558 820 alia
602 760 891 821 ministerii
939 759 1126 830 Pauli,
1189 775 1258 820 ut
1301 760 1373 819 ad
1415 759 1569 819 hunc
1606 759 1861 821 homines
1904 763 2006 821 ad-

276 840 512 901 duceret
536 865 555 907 ·‚
597 844 659 902 δε
686 844 822 902 cum
845 841 1148 902 adversarii
1176 841 1287 901 hoc
1315 841 1449 900 loco
1470 839 1818 928 baptismum
1840 861 2006 921 aquae

277 920 603 1001 intelligant
641 921 810 998 (ficut
849 923 908 981 &
933 922 1126 983 revera
1165 922 1400 1001 debent)
1440 921 1520 981 ita
1538 941 1668 999 jure
1702 942 1837 982 eum
1867 942 2006 982 con-

278 1018 369 1062 tra-
409 1003 536 1062 illos
578 1023 783 1084 urgere
822 998 1163 1084 poffu'musf
1216 1007 1414 1086 Qare
1448 1003 1695 1062 verbum
1722 1004 2003 1082 baptismus

272 1083 336 1142 δε
375 1085 586 1162 baptizo
614 1087 687 1144 ab
727 1083 1023 1166 Apostolo
1049 1086 1375 1165 usurpatur,
1419 1085 1556 1143 cum
1597 1103 1762 1164 aquae
1794 1086 1865 1145 ba
1911 1083 2006 1143 tis-

275 1185 404 1224 mus
443 1164 812 1226 solummodo
848 1166 1225 1246 intelligatur,
1269 1166 1464 1246 postea
1504 1164 1742 1224 dicetur.
1827 1105 2007 1224 bfunc

271 1245 350 1305 ad
387 1265 591 1305 eorum
635 1265 975 1327 argumenta
1003 1248 1282 1327 proced0‚
1327 1246 1424 1326 qui
1447 1264 1562 1326 pro
1604 1245 2010 1332 aquaebaptis-
2042 1282 2047 1290 -

275 1347 378 1385 mo
419 1328 794 1401 contendunt,
840 1350 970 1408 quae
1017 1330 1078 1388 ὅτ
1106 1328 1457 1410 objectiones
1496 1326 1623 1387 sunt
1650 1342 1850 1389 contra
1889 1346 2009 1405 ejus
2079 1351 2086 1364 ··

277 1407 737 1486 abrogationem.

357 1488 520 1546 VIII.
564 1488 599 1520 *
645 1490 870 1548 PRIMO
914 1489 1146 1567 quidem
1193 1491 1458 1570 objiciunt,
1521 1486 1836 1557 Christum,
1907 1488 2011 1568 qui

274 1568 551 1646 Spiritum
585 1569 751 1648 supra
803 1569 1123 1629 mensuram
1152 1571 1422 1638 habebat,
1467 1567 1614 1647 aquai
1643 1567 2010 1646 baptizatum

274 1649 406 1707 effe.
487 1650 646 1728 Resp.
689 1649 890 1710 itidem
929 1651 990 1709 δε
1034 1650 1390 1710 circumcisus
1431 1648 1531 1718 est,
1591 1667 1708 1708 non
1751 1647 1881 1706 inde
1927 1648 2013 1709 se·

277 1744 484 1808 quetur
524 1730 967 1791 continuandam
993 1733 1100 1791 esse
1129 1729 1654 1792 circumcisionem:
1699 1729 2014 1808 oportebat
2079 1726 2086 1792 ᾗ

275 1811 430 1871 enim
474 1810 765 1876 Christum
808 1834 1043 1873 omnem
1088 1811 1370 1892 justitiam
1402 1810 1643 1891 implere
1676 1834 1696 1876 3
1758 1827 1874 1868 non
1922 1810 2011 1869 so·
2049 1826 2086 1863 a:

275 1891 404 1950 lum
448 1892 723 1971 Johannis
764 1895 1160 1966 ministerium,
1207 1894 1298 1953 sed
1326 1893 1600 1973 &legem
1626 1890 1959 1952 Mosa‘icam
1987 1916 2012 1959 ·‚

2062 1879 2086 1966 s.

275 1971 516 2052 ideoque
545 1973 682 2033 festa
714 1975 959 2053 JudaIca
980 1976 1041 2034 &
1081 1977 1221 2035 ritus
1250 1972 1594 2041 observavit,
1639 1972 1701 2030 &
1730 1971 2013 2032 Pascham.
2074 1991 2082 2025 'z

272 2052 561 2120 servavit3
605 2075 719 2113 non
767 2056 895 2115 inde
938 2071 1128 2116 tamen
1171 2056 1432 2135 sequetur
1470 2069 1743 2133 oportere
1766 2052 2010 2112 Christi-

274 2154 413 2193 anos
463 2134 630 2193 hodie
671 2135 750 2194 ita
800 2157 1004 2216 agere:
1075 2138 1136 2195 δε
1197 2136 1311 2215 ipse
1359 2136 1504 2194 hanc
1560 2132 1840 2192 rationem
1879 2132 2008 2204 dat,

274 2212 448 2294 quare
489 2215 518 2272 ἐι
582 2217 842 2294 Johanne
882 2217 1306 2296 baptizabatur,
1352 2214 1575 2280 Matth.
1615 2212 1691 2272 iii.
1744 2232 1849 2288 15..
1879 2215 2008 2273 Sine
2082 2245 2086 2268 .·

274 2296 441 2367 moda,
473 2299 555 2373 stc
589 2301 725 2357 enim
766 2299 901 2358 decet
941 2320 1030 2357 nos
1078 2297 1288 2376 implere
1331 2317 1527 2375 omnem
1555 2295 1845 2376 justitiam,
1890 2294 2006 2374 fig-

275 2377 532 2448 nificanS,
578 2379 735 2457 qnod
755 2401 872 2439 non
909 2379 1038 2438 inde
1057 2380 1247 2439 voluit
1274 2393 1615 2458 perpetuare
1655 2375 2008 2454 baptismum

274 2457 466 2527 istum,
514 2458 671 2538 quali
709 2459 1120 2521 institutionem
1166 2460 1311 2519 inter
1353 2456 1656 2536 discipulos
1695 2456 1843 2516 suos,

354 2541 727 2613 SECUNDO,
772 2544 1037 2623 objiciunt,
1085 2541 1308 2602 Matth.
1328 2538 1526 2599 xxviii.
1566 2558 1655 2616 19.
1687 2550 1860 2596 euntes
1886 2557 2004 2617 erga
2068 2579 2082 2591 .v

275 2619 441 2679 docete
475 2643 642 2681 omnes
672 2636 867 2702 gentes,
930 2625 1258 2701 baptizantes
1299 2643 1377 2682 eos
1420 2623 1475 2679 in
1533 2622 1735 2678 nomine
1783 2619 1997 2688 Patris,
2058 2627 2062 2679 ζ

2048 2681 2086 2770 ff

2042 2719 2051 2738 '⁴

2049 2771 2055 2778 =

2046 2783 2055 2799 (η

275 2702 410 2760 Filii
452 2703 520 2763 ἐξ
549 2704 779 2780 Ερὶνὶΐιῖε
819 2706 1015 2782 saneti.
1100 2705 1254 2764 Haec
1296 2703 1376 2762 est
1426 2700 1719 2781 praecipua
1751 2698 2003 2779 objectio

271 2781 435 2861 super
463 2805 639 2862 quam
684 2801 831 2844 totas
877 2786 1026 2844 vires
1063 2785 1371 2845 aedificant.
1939 2790 1943 2794 '
2011 2837 2013 2839 μ

2064 2378 2086 2467 ςξ

357 2864 582 2923 PRIMA
630 2865 690 2923 &-
713 2866 989 2943 generalis
1018 2866 1079 2925 &
1101 2881 1290 2926 tamen
1313 2867 1439 2924 sana
1462 2863 1705 2940 responsto
1727 2860 1828 2932 est,
1861 2880 2020 2920 con--

273 2943 528 3003 cedendo
569 2962 781 3015 totum,
846 2948 1048 3025 eosque
1086 2946 1432 3005 remittendo
1489 2945 1560 3004 ad
1604 2941 1994 3023 probandum,¹

277 3025 432 3103 quod
461 3027 571 3085 hoc
614 3028 744 3086 loco
775 3027 1147 3107 significetur,
1210 3043 1275 3085 ut
1313 3025 1612 3106 baptizent
1649 3021 1816 3101 aquai,
1860 3022 1996 3081 cum

272 3106 343 3164 de
373 3107 435 3165 ea
465 3106 623 3168 sileat
652 3124 836 3168 textus
871 3134 889 3176 3
954 3109 1017 3167 &
1052 3109 1185 3169 licet
1229 3109 1338 3167 hoc
1381 3107 1640 3176 sufficiat,
1671 3102 1866 3162 donec
1909 3099 1996 3159 illi
2078 3109 2082 3115 '

1859 3201 1996 3262 pro-

333 3370 370 3435 ἡ
401 3371 473 3420 Sic
506 3371 617 3422 Nic.
657 3372 847 3423 Arnotd.
886 3373 936 3425 in
955 3373 1061 3427 hanc
1089 3370 1227 3435 nestn
1257 3378 1417 3425 Exerc-
1438 3367 1633 3437 neolog.
1664 3368 1778 3422 Se&-
1801 3369 1888 3429 46.
